2419 2972
371 425 435 459 per
460 412 686 446 latitudinem
713 413 875 459 eorporis
901 412 1111 447 membrana
1129 425 1169 447 ex
1196 413 1391 448 abdomine
1419 414 1456 448 in
1482 415 1819 462 cephalothoracem
1846 416 2074 464 progreditur
2101 425 2134 451 et

369 474 429 509 hic
456 473 581 508 eadem
607 480 781 508 structura
813 480 863 507 est
889 473 1059 508 solidiore
1087 481 1122 508 et
1154 476 1362 520 musculari>
1394 488 1463 522 qua
1499 477 1564 510 sub
1593 476 1702 511 corde
1730 483 1764 511 et
1787 478 1823 511 in
1856 479 1991 512 laciniis
2018 477 2134 513 abdo-

370 536 572 569 minalibus.
626 535 678 569 Ad
706 536 813 569 finem
841 537 1079 582 posteriorem
1107 536 1416 583 cephalothoracis
1448 549 1506 571 vas
1543 538 1728 585 quoddam
1761 550 1927 585 magnum
1960 547 1994 573 et
2023 541 2133 574 latum

369 597 461 645 (Flg.
472 598 517 631 Χ.
528 597 593 632 XI.
606 597 658 638 B.)
687 609 726 630 ex
753 604 908 644 utroque
934 598 1041 632 latere
1068 598 1134 644 ipsi
1162 598 1395 632 membranae
1422 599 1566 633 insitum
1595 607 1646 634 est
1672 607 1768 634 etex
1792 607 1892 634 scuto
1919 600 1964 634 ad
1990 614 2052 635 cor
2069 601 2134 635 de-

369 658 519 693 scendit.
571 659 651 694 Non
677 659 833 705 propriis
859 666 976 693 autem
1004 660 1133 693 tunicis
1158 659 1230 694 hoc
1252 672 1311 694 vas
1335 660 1567 706 instructum,
1599 661 1661 695 sed
1696 662 1786 708 plica
1816 669 1953 695 tantum
1986 663 2040 696 vel
2067 663 2135 697 du-

367 721 539 767 plicatura
566 721 674 767 ipsius
702 722 933 756 membranae
960 722 1123 756 effectum
1152 735 1225 756 esse
1252 722 1402 757 videtur.
1439 724 1554 770 Atque
1580 723 1669 757 haec
1694 736 1774 758 vasa
1803 737 1821 758 e
1849 731 1948 758 scuto
1975 725 2133 770 profecta

367 782 492 816 eadem
520 790 613 828 sunt,
640 795 735 830 quae
763 796 875 829 quum
903 785 1110 830 sanguinem
1139 797 1157 818 e
1183 785 1271 818 scuti
1299 784 1472 818 branchia
1499 784 1709 819 redeuntem
1738 786 1938 832 excipiant,
1972 798 2051 820 vasa
2078 798 2134 819 re-

366 844 513 878 ferentia
537 846 609 879 sive
639 857 748 879 venae
775 846 998 879 branchiales
1031 859 1137 892 supra
1166 847 1351 880 nominata
1386 853 1492 892 sunt3
1536 853 1665 880 exeunt
1693 854 1810 880 autem
1844 848 1959 894 ipsum
1994 848 2031 881 in
2073 860 2135 882 cor

364 906 457 939 inter
483 913 622 952 partem
652 907 756 940 huius
789 907 1011 953 superiorem
1047 909 1283 942 muscularem
1319 915 1353 942 et
1390 908 1594 942 inferiorem
1621 909 1932 943 membranaceam
1970 909 2064 957 (Fig.
2084 909 2134 944 V.

367 967 477 1002 VIII.
493 968 558 1009 Β).
611 969 769 1002 Valvulas
787 995 797 1013 ,
824 981 916 1015 quae
944 969 1032 1002 ostia
1059 981 1184 1003 eorum
1209 970 1247 1003 in
1274 969 1392 1003 cordis
1419 970 1567 1004 cavitate
1595 969 1834 1015 concludant,
1869 969 2032 1017 detegere
2060 983 2135 1005 non

364 1029 475 1075 potui.
528 1029 639 1076 Quod
666 1037 783 1064 autem
813 1031 887 1064 sola
913 1030 1002 1064 haec
1028 1043 1108 1065 vasa
1144 1032 1180 1064 in
1206 1043 1268 1065 cor
1291 1031 1409 1077 ipsum
1446 1039 1594 1077 exeunt3
1630 1032 1665 1066 id
1694 1045 1736 1065 eo
1763 1032 1873 1078 magis
1899 1033 2133 1067 memorabile

365 1089 517 1135 videtur5
545 1091 645 1137 quod
673 1104 717 1125 ne
746 1092 802 1125 ille
830 1091 977 1138 quidem
1007 1093 1137 1126 canalis
1163 1093 1251 1127 scuti
1281 1093 1396 1139 impar
1422 1092 1586 1133 (Tal›.ll.
1615 1094 1695 1140 Fig.
1713 1094 1743 1127 I.
1759 1094 1841 1137 c*.),
1878 1093 1940 1139 qui
1975 1094 2010 1127 in
2043 1095 2135 1128 linea

364 1152 529 1186 mediana
553 1153 640 1186 scuti
668 1153 873 1198 decurrens,
900 1161 939 1188 ut
963 1155 1019 1188 illa
1045 1167 1137 1199 vasa,
1163 1155 1371 1201 sanguinem
1399 1154 1590 1201 oxydatum
1611 1168 1629 1188 e
1654 1155 1835 1189 branchiis
1850 1155 1991 1201 excipit,
2019 1156 2134 1201 ipsum

364 1214 400 1247 in
427 1226 490 1248 cor
515 1226 588 1248 sese
612 1216 738 1261 aperit,
764 1215 848 1260 sed,
875 1223 911 1249 ut
939 1228 1044 1262 supra
1071 1216 1220 1261 dietum,
1249 1217 1372 1250 tubulo
1401 1216 1561 1263 quodam
1588 1228 1697 1263 parvo
1727 1218 2003 1251 membranaceo
2031 1215 2134 1262 (ibid.

362 1276 419 1318 P.)
450 1277 485 1309 in
513 1277 698 1310 cavitatem
726 1278 948 1324 superiorem
987 1277 1193 1312 abdominis
1228 1291 1334 1324 supra
1361 1290 1423 1312 cor
1450 1279 1529 1312 exit..
1588 1278 1701 1325 Supra
1735 1279 1823 1312 ostia
1861 1279 2002 1312 illorum
2029 1291 2134 1312 vaso-

361 1350 440 1372 rum
466 1337 584 1372 cordis
610 1339 646 1372 in
673 1345 828 1385 utroque
855 1340 962 1373 latere
989 1340 1115 1373 rimula
1144 1352 1292 1386 quoque
1320 1340 1414 1388 (Fig.
1430 1340 1478 1375 V.
1494 1340 1670 1381 VIILd'.)
1699 1341 1892 1386 invenitur,
1917 1342 1964 1375 ita
1987 1348 2025 1375 ut
2050 1342 2133 1375 uni-

363 1410 462 1433 verse
489 1401 660 1434 rimarum
687 1402 822 1447 viginti,
849 1401 974 1435 decem
1004 1403 1039 1435 in
1066 1410 1221 1450 utroque
1248 1403 1367 1438 cordis
1392 1404 1513 1448 latere,
1540 1404 1619 1437 sint.

462 1463 655 1509 Postquam
686 1464 895 1497 membrana
922 1476 980 1498 vas
1008 1464 1118 1499 modo
1147 1465 1364 1512 descriptum
1394 1465 1618 1512 composuit,
1644 1465 1680 1498 in
1707 1464 1886 1498 anteriora
1913 1471 2131 1511 propagatur

363 1524 459 1572 (Fig.
477 1525 524 1558 X.
539 1525 606 1559 XI.
624 1528 680 1565 m.)
715 1526 921 1572 sensimque
954 1538 989 1559 se
1026 1527 1061 1560 in
1093 1528 1278 1573 superiora
1301 1528 1445 1561 flectens
1472 1527 1639 1561 musculis
1673 1533 1707 1560 et
1734 1526 1936 1560 lateralibus
1973 1525 2077 1568 (Tab.
2102 1526 2132 1561 I.

361 1586 442 1634 Fz'g.
455 1586 483 1620 I.
498 1586 551 1628 B.)
584 1593 617 1620 ct
647 1586 845 1621 dorsalibus
885 1587 987 1630 (ibid.
1016 1589 1076 1629 A.)
1116 1589 1425 1636 ceplialotlloracis
1465 1601 1539 1623 sese
1568 1588 1746 1635 applicat,
1785 1594 1817 1621 ei
1845 1600 1925 1621 cum
1954 1588 1994 1621 iis
2021 1587 2130 1621 dense

361 1648 537 1681 coalescit.

460 1708 595 1744 Cavitas
625 1710 729 1755 igitur
756 1711 917 1756 corporis
941 1712 1103 1757 superior
1139 1712 1183 1745 ab
1211 1712 1389 1746 anteriore
1416 1719 1516 1758 parte
1543 1711 1672 1747 eodem
1700 1711 1835 1757 modo,
1872 1725 1945 1759 quo
1975 1712 2011 1746 in
2038 1712 2126 1745 late-

361 1771 457 1805 ribus
484 1772 658 1818 corporis7
684 1771 887 1806 secluditur.
940 1772 1137 1807 Nonnullae
1163 1773 1275 1807 modo
1303 1774 1379 1808 viae
1407 1774 1500 1807 inter
1526 1773 1683 1808 dorsales
1710 1774 1889 1808 musculos
1916 1773 2130 1819 relinquun-

360 1840 417 1867 tur
440 1859 450 1877 ,
472 1846 537 1879 per
564 1845 651 1880 quas
678 1834 817 1880 sanguis
844 1846 863 1867 a
895 1841 995 1880 parte
1022 1835 1207 1880 superiore
1235 1835 1545 1882 cephalothoracis
1582 1836 1618 1870 in
1646 1848 1724 1870 eam
1760 1836 1944 1870 cavitatem
1977 1835 2128 1868 refluere

357 1895 482 1941 possit.
509 1917 557 1923 —
579 1895 691 1931 Simili
719 1894 830 1929 modo
868 1908 887 1929 a
913 1897 1113 1942 posteriore
1147 1910 1296 1944 quoque
1333 1905 1432 1944 parte
1467 1898 1556 1932 haec
1592 1898 1721 1932 cavitas
1756 1896 1959 1931 secluditur.
2017 1896 2128 1929 Mem-

358 1958 470 1991 brana
497 1957 591 1990 enim
616 1964 732 1991 totum
759 1970 823 2004 per
849 1957 1032 1992 abdomen
1069 1958 1114 1992 ad
1142 1966 1338 1993 extremum
1366 1972 1481 2006 usque
1516 1960 1687 1994 annulum
1716 1965 1857 1993 extensa
1884 1970 1965 1991 cum
1997 1956 2128 1991 dorsali

359 2019 464 2053 huius
492 2019 614 2053 annuli
637 2026 725 2053 testa
750 2026 845 2053 arcte
873 2020 1039 2054 coalescit
1066 2020 1351 2070 (Fig.XV.q.)‚
1390 2028 1545 2068 utroque
1579 2027 1696 2055 autem
1732 2020 1770 2054 in
1802 2020 1910 2053 latere
1942 2030 2128 2065 processus

359 2081 591 2114 membranae
618 2080 664 2115 ad
688 2088 799 2115 setam
827 2081 1010 2116 caudaleni
1040 2094 1152 2129 usque
1190 2082 1376 2116 descendit
1407 2090 1442 2116 et
1477 2083 1513 2116 in
1547 2081 1696 2116 modum
1732 2080 1977 2127 dissepimenti
2011 2092 2127 2113 mem-

360 2142 525 2176 branacei
549 2141 621 2176 duo
650 2155 730 2176 vasa
759 2143 850 2176 inter
875 2155 911 2177 se
938 2144 1102 2190 proxima
1126 2143 1225 2184 (ibid.
1254 2142 1298 2179 R.
1323 2144 1391 2189 S),
1417 2144 1564 2178 alterum
1597 2143 1764 2188 interius,
1801 2143 1949 2176 alterum
1978 2142 2128 2175 exterius

358 2202 520 2249 seiungit.
573 2204 638 2238 Vas
661 2204 808 2238 interius
836 2204 938 2243 (ibid.
969 2204 1014 2245 S.)
1053 2206 1118 2238 sub
1148 2206 1361 2240 membrana
1392 2219 1410 2239 e
1435 2212 1536 2252 parte
1564 2205 1731 2239 inferiore
1760 2204 1966 2239 abdominis
1997 2215 2127 2250 procc-

362 2262 469 2307 deus,
505 2265 548 2297 ab
577 2265 746 2299 interiore
774 2272 873 2312 parte
898 2265 988 2299 illius
1016 2278 1201 2312 processus
1228 2268 1492 2301 membranacei
1520 2267 1556 2301 in
1583 2274 1692 2300 setam
1721 2265 1903 2300 caudalem
1932 2263 2130 2308 descendit,

361 2325 511 2358 exterius
534 2324 632 2365 (ibid.
652 2325 708 2366 II.)
743 2339 762 2359 e
787 2333 861 2360 seta
884 2326 1022 2360 caudali
1046 2327 1244 2373 profectum
1273 2329 1317 2362 ab
1346 2329 1519 2362 exteriore
1546 2335 1646 2374 parte
1672 2328 1763 2361 illius
1787 2338 1973 2373 processus
2006 2326 2043 2359 in
2071 2337 2130 2359 ca-

359 2385 503 2419 vitatem
530 2387 752 2432 superiorem
780 2387 940 2421 ascendit
967 2395 1001 2421 et
1027 2401 1141 2435 prope
1169 2401 1187 2422 a
1214 2389 1307 2423 linea
1334 2389 1501 2423 mediana
1538 2390 1575 2424 in
1601 2390 1753 2423 liberum
1787 2388 1917 2422 ostium
1958 2386 2055 2427 (ibid.
2083 2389 2125 2425 r.)

360 2448 439 2480 exit.
491 2447 564 2481 Hac
590 2447 694 2494 igitur
719 2450 773 2483 via
799 2450 939 2496 sanguis
968 2462 1008 2483 ex
1035 2451 1182 2484 cavitate
1210 2450 1377 2485 inferiore
1411 2451 1617 2486 abdominis
1650 2451 1688 2484 in
1714 2450 1936 2497 superiorem
1961 2448 2127 2483 transfer-

360 2515 428 2542 tur.
461 2527 499 2531 ——
530 2510 617 2543 Num
656 2521 736 2543 vasa
770 2510 881 2545 modo
915 2511 1092 2558 descripta
1127 2513 1257 2546 tunicis
1292 2514 1449 2559 propriis
1486 2512 1686 2559 composita
1715 2512 1813 2556 sint,
1844 2511 1916 2545 hoc
1948 2522 2021 2544 non
2045 2509 2128 2542 satis

360 2570 449 2604 mihi
477 2571 697 2617 exploratum
726 2578 802 2616 est,
840 2572 947 2607 credo
975 2580 1113 2615 autem,
1148 2574 1237 2609 haec
1265 2586 1413 2622 quoque
1451 2586 1532 2610 vasa
1558 2574 1704 2609 forsitan
1731 2573 1956 2621 processibus
1989 2577 2128 2605 tantum
