2419 2972
259 421 294 448 et
321 413 455 448 nitente
482 419 717 456 structuram,
743 417 783 444 ut
811 411 857 444 ita
884 409 1024 455 dicam,
1059 409 1267 456 imperfecte
1294 408 1467 445 radiatam
1495 411 1655 458 praebet,
1682 425 1792 460 quum
1821 414 2029 449 innumera-

257 475 346 509 biles
372 474 485 508 lineae
512 481 655 508 tenerae
690 485 730 507 ae
758 472 876 506 multis
903 471 1021 505 modis
1049 472 1140 505 inter
1165 485 1201 505 se
1229 472 1441 507 coniunctae
1469 486 1732 521 connexaeque,
1753 488 1771 509 a
1798 477 1955 523 margine
1983 477 2029 511 ad

258 535 414 570 mediam
442 543 580 582 partem
610 534 797 568 decurrere
824 532 1022 567 videantur.
1075 533 1111 567 Si
1138 534 1228 568 haec
1255 534 1484 579 membrana,
1516 548 1608 582 quae
1634 536 1748 571 solute
1773 544 1912 572 tantum
1938 539 2029 572 emi—

258 596 401 630 nentiae
428 596 531 629 insita
559 603 609 629 est
636 602 669 628 et
695 607 799 641 saepe
827 594 872 628 ad
899 601 1022 628 testam
1049 601 1232 628 externam
1261 593 1494 640 adhaerescit,
1522 604 1737 642 removetur,
1761 598 1879 631 subito
1903 611 2029 632 omnes

258 656 387 691 diversi
409 657 546 691 colores
573 656 777 690 auferuntur
811 663 845 690 et
872 662 944 690 tota
971 655 1176 702 superficies
1202 668 1313 689 unum
1349 655 1460 689 modo
1489 657 1646 692 colorem
1676 658 1891 692 subrubrum
1925 672 2029 706 prae-

258 720 330 754 bet.
383 720 459 766 Ipsa
487 726 603 753 autem
633 718 846 763 en‘iinentia,
880 717 1007 764 parieti
1034 718 1211 764 superiori
1245 717 1336 751 illius
1373 718 1530 751 cavitatis
1563 719 1686 765 insita,
1724 732 1816 766 quae
1844 722 2028 755 ventriculi

259 781 378 816 cordis
404 779 564 815 arteriosi
603 791 684 825 pars
717 778 873 812 anterior
908 785 959 812 est
993 791 1033 812 ac
1064 791 1170 825 supra
1198 778 1403 825 diligentius
1434 778 1611 826 descripta
1647 782 1700 821 (ef.
1730 779 1876 827 §.14.),
1910 783 2029 816 multis

258 842 448 876 filamentis
475 839 597 874 solidis
622 840 794 886 componi
831 839 972 874 videtur
1005 841 1098 888 (Flg,
1120 839 1309 885 XXVI),
1342 853 1433 887 quae
1461 853 1480 875 a
1506 842 1665 888 margine
1693 843 1766 876 eius
1793 843 1955 877 radiatim
1985 843 2030 877 ad

261 910 377 950 partes
403 901 606 936 adiacentes
629 913 665 934 se
692 900 897 946 conserunt,
923 914 941 936 a
968 909 1068 948 parte
1096 902 1215 936 media
1242 909 1360 936 autem
1384 915 1449 949 per
1476 904 1661 938 cavitatem
1688 905 1780 938 illam
1808 905 1918 939 libere
1946 918 2030 951 per-

258 963 392 999 vadunt
419 970 454 997 et
476 963 583 997 huius
609 963 735 1009 parieti
759 962 920 996 inferiori
944 963 1045 997 affixa
1072 971 1165 998 sunt.
1218 965 1454 1011 Nequaquam
1483 973 1600 1000 autem
1628 966 1717 1000 haee
1744 967 1924 1001 filamenta
1948 980 2030 1002 ner-

258 1038 353 1070 vosa,
380 1025 443 1059 sed
470 1025 580 1071 magis
605 1023 794 1059 tendinosa
821 1037 894 1058 esse
922 1024 1088 1059 videntur
1117 1033 1151 1059 et
1176 1033 1274 1060 tanta
1300 1033 1383 1060 sunt
1407 1027 1604 1073 soliditate,
1639 1035 1678 1062 ut
1704 1028 1848 1062 difficile
1876 1029 2030 1077 discerpi

258 1095 293 1122 et
318 1087 484 1122 dissecari
509 1087 657 1134 possint.
710 1087 805 1121 Illam
834 1087 982 1134 quidem
1007 1087 1196 1121 cavitatem
1225 1100 1353 1122 nervus
1381 1089 1475 1137 (Fig.
1492 1089 1656 1135 XXf),
1696 1090 1795 1124 cuius
1827 1090 1896 1124 iam
1925 1102 2031 1138 supra

258 1150 394 1184 mentio
418 1150 507 1184 saeta
534 1156 605 1195 est,
640 1162 658 1184 e
687 1161 795 1183 nervo
821 1149 914 1183 oculi
950 1149 1093 1183 iuvenili
1121 1150 1265 1183 animali
1300 1150 1438 1196 proprii
1473 1157 1570 1184 ortus
1598 1151 1705 1185 intrat
1732 1158 1766 1185 et
1792 1151 1883 1185 duos
1907 1152 1943 1186 in
1973 1165 2030 1186 ra-

259 1224 338 1246 mos
364 1211 533 1256 finditur,
566 1211 629 1245 sed
655 1223 764 1258 porro
792 1211 859 1245 hos
890 1211 1058 1257 persequi
1089 1224 1162 1245 11011
1190 1212 1303 1258 potui.
1334 1231 1376 1237 -—
1420 1212 1461 1246 Et
1487 1213 1575 1247 haec
1603 1213 1744 1258 habeo,
1782 1226 1874 1260 quae
1901 1213 1945 1248 de
1974 1215 2029 1248 1115

258 1274 418 1320 partibus
447 1273 566 1307 dicere
594 1273 750 1320 possim,
778 1279 817 1307 ut
843 1273 1039 1306 accuratius
1065 1273 1287 1319 perquiram,
1314 1279 1395 1319 apta
1423 1273 1637 1320 exemplaria
1656 1274 1746 1308 mihi
1767 1274 1925 1308 deerant.
1963 1275 2031 1308 lta-

261 1348 331 1382 que
359 1347 579 1381 quamquam
616 1333 660 1368 de
687 1347 768 1368 vera
800 1333 905 1367 huius
936 1335 1058 1381 organi
1094 1342 1218 1369 natura
1252 1342 1286 1369 et
1319 1336 1502 1369 functione
1539 1335 1736 1370 diiudicare
1770 1350 1845 1370 non
1872 1350 2030 1383 possum,

261 1397 296 1431 id
322 1397 470 1431 minime
498 1397 645 1443 intelligi
671 1403 801 1443 potest,
828 1395 1017 1442 quomodo
1045 1396 1114 1430 hae
1142 1404 1258 1443 partes
1281 1398 1374 1431 oculi
1401 1398 1477 1432 vice
1497 1397 1698 1444 fungantur,
1725 1411 1835 1445 quum
1865 1410 1931 1432 nee
1955 1399 2031 1432 len-

258 1461 302 1494 tis
329 1472 394 1493 nec
422 1459 584 1506 corporis
610 1459 712 1493 vitrei
738 1459 922 1505 vestigium
954 1459 1162 1505 reperiatur.
1228 1458 1359 1493 Contra
1388 1460 1546 1493 maculae
1578 1460 1655 1493 illae
1687 1461 1836 1505 rubrae,
1876 1473 1967 1507 quae
1997 1462 2033 1495 in

263 1522 451 1568 superficie
479 1522 694 1569 eminentiae
722 1521 1004 1568 conspiciuntur,
1029 1533 1071 1555 eo
1102 1528 1238 1555 tantum
1266 1521 1357 1555 611161
1385 1521 1572 1566 videntur,
1609 1521 1709 1568 quod
1736 1534 1800 1568 per
1824 1529 1962 1569 partem
1991 1524 2033 1556 il-

261 1584 328 1618 lius
356 1584 587 1617 membranae
613 1596 718 1630 supra
747 1583 945 1630 descriptae
975 1583 1131 1617 mediam
1169 1595 1209 1617 ac
1244 1583 1458 1630 pellucidam
1496 1584 1574 1617 illae
1602 1590 1739 1629 partes,
1777 1596 1864 1630 quas
1894 1585 2034 1631 sanguis

264 1645 373 1680 corde
400 1646 591 1692 propulsus
618 1646 809 1690 interfluat,
836 1646 1115 1692 conspiciuntur.
1143 1667 1188 1672 —
1225 1646 1301 1679 Hoc
1327 1652 1443 1679 totum
1471 1658 1631 1692 organon
1656 1645 1690 1678 in
1718 1645 1931 1680 iuvenilibus
1959 1647 2037 1680 ani-

264 1708 416 1742 malibus
444 1708 594 1741 omnino
623 1707 817 1742 desiderari
846 1714 880 1741 ct
906 1715 981 1741 tum
1010 1707 1176 1752 demum,
1211 1720 1323 1754 quum
1351 1708 1420 1741 iam
1450 1720 1575 1740 omnes
1602 1707 1673 1740 sere
1707 1714 1846 1741 ceterae
1874 1710 2037 1754 corporis

263 1777 382 1817 partes
408 1770 665 1816 perfectionem
692 1769 843 1817 adeptae
869 1770 951 1815 sint,
978 1771 1138 1815 existere,
1165 1768 1256 1803 infra
1281 1768 1494 1802 videbimus.

363 1842 527 1877 Ceterum
555 1856 629 1877 non
655 1844 720 1877 soli
745 1843 879 1890 Apodis
904 1844 1024 1890 generi
1049 1843 1138 1877 haec
1168 1855 1249 1890 pars
1276 1843 1441 1890 propria,
1478 1842 1540 1876 sed
1568 1843 1814 1890 compluribus
1841 1842 2036 1877 Cruslaceis

266 1906 469 1940 communis
497 1917 572 1939 esse
596 1904 748 1939 videtur.
775 1925 822 1932 -
853 1905 1004 1940 Maxime
1030 1905 1148 1952 Apodi
1176 1904 1297 1939 affinia
1323 1912 1404 1939 sunt
1428 1917 1558 1952 genera
1585 1904 1841 1952 Branchiopus
1875 1912 1909 1938 et
1936 1905 2036 1939 Lim-

265 1966 391 2012 ηαᾱίίιἃ
416 1974 450 2001 et
477 1967 514 2001 111
540 1966 596 2000 1115
619 1966 767 2013 quidem
797 1979 928 2014 organa
955 1968 1140 2002 observata
1166 1974 1260 2012 sunt,
1285 1979 1390 2014 quae,
1418 1979 1640 2014 quamquam
1664 1966 1777 2001 forma
1805 1967 1898 2001 inter
1923 1979 1958 2000 se
1979 1966 2036 2001 di-

267 2035 456 2075 screpant,
491 2027 539 2062 illi
575 2027 612 2062 in
636 2026 762 2074 Apode
789 2026 968 2074 descripto
1003 2027 1223 2074 respondere
1255 2028 1432 2062 videntur.
1493 2028 1531 2061 ln
1557 2027 1840 2076 Branclziopode
1873 2027 2037 2075 stagnali

267 2088 412 2137 [Apode
440 2090 654 2138 piscijormi
678 2088 882 2131 Sohaesf.)
920 2089 1007 2124 duas
1035 2090 1249 2124 eminentias
1288 2090 1408 2123 colore
1442 2089 1542 2135 nigro
1579 2089 1767 2136 descripsit
1804 2096 1838 2123 et
1874 2089 2036 2136 depinxit

267 2150 576 2196 Schaeffe1·*),
603 2151 666 2197 qui
700 2151 822 2185 oculos
848 2151 1026 2198 simplices
1059 2164 1116 2185 eas
1144 2163 1217 2185 esse
1243 2152 1391 2197 putavit.
1450 2153 1543 2188 Sitae
1570 2158 1687 2185 autem
1716 2158 1797 2185 sunt
1823 2152 1890 2185 hae
1916 2158 2034 2198 partes

268 2211 339 2244 1106
366 2211 403 2245 in
429 2212 571 2246 animali
599 2217 637 2245 ut
661 2211 697 2244 in
724 2211 849 2257 Apode
875 2212 909 2245 in
935 2211 1064 2246 dorsali
1088 2218 1188 2258 parte
1216 2224 1283 2246 1166
1309 2212 1434 2258 procul
1457 2219 1539 2259 post
1563 2213 1686 2247 oeulos
1712 2213 1951 2259 compositos,
1978 2213 2034 2248 his

268 2280 386 2307 autem
414 2274 516 2308 rebus
539 2275 582 2308 ab
612 2273 677 2307 illis
706 2273 839 2319 Apodis
865 2274 1024 2320 partibus
1051 2273 1231 2318 differunt,
1261 2280 1295 2307 et
1321 2273 1422 2321 quod
1449 2274 1609 2321 duplices
1635 2280 1737 2319 sunt,
1765 2281 1799 2308 et
1824 2274 1925 2321 quod
1950 2276 2034 2309 uni-

269 2335 406 2369 colores
432 2347 505 2369 esse
528 2336 668 2383 illisque
696 2335 842 2369 maculis
865 2336 981 2370 rubris
1007 2348 1126 2370 carere
1158 2335 1333 2370 videntur.
1363 2357 1411 2364 —
1438 2336 1477 2370 In
1502 2334 1698 2371 Limnadia
1722 2334 1886 2384 Gigante
1910 2336 2032 2383 organi

329 2514 362 2549 *j
386 2512 465 2551 Apus
485 2512 673 2551 pisciformis‚
693 2516 798 2545 insecti
822 2516 948 2554 aquatici
971 2517 1096 2555 specics,
1120 2517 1303 2556 Nuernberg.
1327 2516 1413 2546 1752.
1439 2534 1478 2540 -—
1502 2516 1563 2546 Der
1586 2516 1787 2557 lisclil'orniigc
1811 2517 1981 2547 liicscnl‘uss
2004 2520 2032 2547 in

395 2566 559 2597 stcliendcn
583 2567 725 2598 Wassern
747 2578 793 2600 11111
811 2570 1016 2611 chcnsburg.
1038 2571 1189 2612 Regcnsb.
1217 2571 1304 2601 1754.
1329 2570 1390 2610 Fig.
1408 2569 1465 2600 Vll.
1490 2570 1560 2600 vul.
1575 2579 1601 2600 a.
