2419 2972
500 402 525 432 h.
550 403 737 431 Membranae
758 401 840 431 cordi
865 401 1044 431 subiacentis
1069 410 1137 440 pars
1153 424 1160 433 .
1192 409 1267 439 quae
1291 405 1403 440 partem
1430 401 1530 430 cordis
1563 401 1742 431 tlioracicau]
1773 402 1808 431 ab
1833 402 1975 433 inferiore
2005 407 2032 433 et
2059 406 2144 432 antc-

499 457 578 486 riore
600 459 681 495 parte
706 455 862 485 concludit.

418 509 477 550 Εἰς.
502 509 553 539 ΙΧ.
598 509 790 539 Membranae
811 508 894 538 cordi
916 507 1098 537 subiacentis
1120 517 1188 547 pars
1211 509 1360 545 anterior.
1393 508 1429 538 ab
1452 508 1593 538 inferiore
1616 512 1698 547 parte
1731 512 1910 548 conspecta,
1945 510 2143 549 magnitudine

459 564 544 594 valde
566 567 662 594 aucta.

418 618 477 658 Fiy.
494 619 535 648 X.
580 617 685 648 Cordis
707 616 890 646 ventriculus
912 625 1041 645 venosus
1070 617 1098 644 el
1120 616 1286 645 arteriosus
1310 619 1337 645 et
1366 614 1538 645 membrana
1560 615 1643 645 cordi
1669 614 1827 644 subiacens
1856 615 1884 643 iu
1917 615 1975 644 situ
2002 617 2142 645 naturali

460 691 494 696 -
518 673 624 713 Figura
647 671 777 702 ostendit
802 671 936 710 corporis
956 673 1067 709 partem
1095 670 1284 699 anteriorem.
1319 670 1399 700 Scuti
1424 678 1492 708 pars
1514 670 1611 700 media
1635 673 1756 700 exsecta
1781 673 1836 706 est,
1860 669 2007 699 abdomen
2027 674 2143 700 sectura

458 728 664 769 longitudinali
687 730 817 766 apertum
837 729 865 756 et
888 725 1010 755 musculi
1033 725 1096 754 eius
1118 723 1253 753 dorsales
1277 723 1346 761 (D.)
1372 725 1533 762 resupinati
1557 728 1646 762 sunt,
1676 728 1706 754 ut
1736 725 1765 753 in
1789 723 1944 753 cavitatem
1966 724 2030 753 eius
2055 733 2144 763 supc-

455 784 564 813 riorem
588 782 738 820 inspicias.
783 779 1043 819 Cephalothoracis
1067 786 1184 817 quoque
1208 786 1276 816 pars
1297 777 1446 815 posterior
1469 777 1609 807 musculis
1641 776 1806 807 dorsalibus
1830 776 1951 808 remotis
1976 780 2076 815 aperta
2100 781 2143 806 est

455 841 499 875 (ᾗς.
529 836 685 873 16—19.).

416 903 476 942 my.
502 902 554 932 XI.
599 884 773 931 Menibrana
793 899 876 929 cordi
898 898 1056 928 subiacens
1079 897 1117 927 ab
1138 896 1283 935 *Inferiore
1302 899 1391 934 parte
1414 900 1583 935 conspecta.

497 957 555 996 1⁸59.
580 955 720 985 ΙΧ-ΧΙ,
756 974 793 977 —
827 954 857 983 C.
881 953 939 982 Cor
960 953 1024 982 sive
1047 951 1146 981 cordis
1169 951 1348 981 ventriculus
1372 960 1511 982 venosus.
1545 971 1580 976 —
1625 951 1664 981 M.
1690 951 1858 981 Membrana
1881 952 1963 981 cordi
1986 952 2144 982 subiacens

499 1015 525 1040 ct
551 1014 642 1040 totum
666 1019 718 1048 per
743 1008 890 1038 abdomen
914 1010 1046 1036 extensa.
1078 1025 1109 1029 -
1144 1005 1170 1033 Ιι.
1193 1003 1332 1033 Eiusdem
1357 1014 1392 1033 ca
1416 1013 1504 1043 pars,
1541 1006 1587 1034 cui
1609 1014 1663 1034 cor
1685 1005 1801 1034 insitum
1824 1008 1877 1034 est.
1900 1024 1937 1028 —
1960 1006 1978 1035 l.
2002 1005 2141 1036 Eiusdem

494 1065 621 1094 laciniae
644 1063 824 1092 musculares
849 1063 877 1091 in
903 1064 986 1100 parte
1014 1059 1180 1090 abdominis
1205 1058 1363 1087 anteriore.
1391 1077 1431 1082 —
1462 1069 1501 1087 m.
1522 1059 1660 1088 Eiusdem
1688 1059 1871 1089 continuatio
1896 1060 1924 1088 in
1950 1059 2144 1099 cephalotho—

495 1127 604 1149 racem.
629 1127 710 1145 -·η.
734 1116 873 1145 Eiusdem
885 1123 989 1153 margo
1013 1114 1154 1149 anterior.
1178 1123 1241 1143 cum
1261 1113 1399 1142 musculis
1425 1113 1584 1143 thoraeicis
1608 1113 1773 1143 dorsalibus
1799 1123 1951 1143 connexus
1968 1132 1995 1137 -
2015 1123 2041 1142 0.
2055 1114 2143 1143 Eius-

495 1171 560 1201 dem
584 1179 652 1209 pars¹
680 1168 825 1208 pellucida
849 1168 972 1197 lacinias
995 1166 1176 1196 musculares
1200 1166 1433 1205 transgrediens.
1466 1186 1504 1190 —
1534 1176 1564 1205 p.
1593 1167 1704 1197 Eadem
1736 1168 1764 1197 in
1797 1172 1878 1206 parte
1900 1168 2065 1198 abdominis
2087 1177 2143 1207 po-

493 1225 630 1255 steriore.
657 1243 695 1247 —
719 1223 752 1253 K.
775 1222 897 1252 Musculi
920 1222 1024 1260 quibus
1046 1221 1172 1250 laciniae
1195 1220 1377 1250 musculares
1400 1219 1589 1250 membranae
1614 1220 1790 1250 inseruntur.
1807 1239 1844 1243 —
1868 1219 1902 1249 Β.
1926 1221 2027 1250 Venae
2049 1220 2142 1249 bran-

495 1279 614 1309 chiales.
643 1297 679 1302 -
703 1277 728 1307 b.
753 1277 779 1306 b.
804 1276 911 1306 Earum
935 1277 1008 1305 rami
1033 1276 1061 1305 in
1086 1275 1237 1305 branchia.
1275 1294 1308 1298 -
1340 1274 1376 1303 A.
1405 1274 1521 1304 Arteria
1545 1278 1630 1304 aorta
1655 1276 1718 1304 sive
1741 1275 1840 1304 cordis
1864 1274 2041 1304 ventriculus
2064 1278 2146 1304 arte-

494 1336 602 1364 riosus.
626 1352 663 1356 -—
694 1332 735 1362 W.
768 1331 907 1362 Eiusdem
932 1331 1053 1361 musculi
1075 1330 1221 1360 lalerales.
1255 1349 1295 1352 -—
1328 1328 1362 1359 O.
1387 1329 1470 1359 Oculi
1496 1330 1651 1368 compositi
1676 1330 1719 1366 (in
1746 1330 1801 1359 XI.
1829 1330 1865 1359 ab
1883 1316 2029 1359 ‘inforiore
2051 1332 2144 1369 parte,

496 1388 666 1418 membrana
690 1386 848 1423 conclusi).
887 1405 924 1408 —-
952 1385 983 1414 P.
1011 1384 1120 1414 Oculus
1144 1385 1187 1414 sic
1214 1384 1308 1414 dictus
1331 1383 1461 1422 simplex.
1492 1403 1531 1406 —
1568 1393 1595 1413 a.
1629 1384 1747 1414 Arteria
1777 1384 1977 1421 lii-anchialis,
2016 1394 2090 1424 quae
2115 1386 2143 1415 in

491 1442 618 1472 medium
640 1442 713 1471 scuti
736 1440 868 1470 canalem
894 1437 959 1477 (ε’.)
984 1439 1096 1468 transit.
1128 1456 1157 1460 —
1183 1441 1222 1467 (τὶ.
1247 1440 1286 1467 c‘.
1309 1440 1347 1467 ct.
1373 1438 1470 1467 Ceteri
1495 1438 1614 1467 canales
1638 1438 1834 1467 branchialcs.

411 1509 470 1548 Figy.
495 1508 564 1538 XII.
610 1507 770 1546 Sanyuinis
793 1506 936 1536 circuitus
959 1508 1096 1545 quantum
1122 1505 1149 1534 in
1175 1504 1292 1534 animali
1313 1504 1431 1533 iuvenili
1453 1505 1643 1543 conspicitur.

493 1562 529 1591 A.
551 1562 710 1601 Sanguinis
736 1570 838 1591 cursus
862 1562 891 1591 in
913 1563 995 1599 parte
1019 1559 1276 1599 ccplialotlioracis
1302 1559 1458 1588 anteriore.
1481 1576 1506 1580 —
1527 1557 1560 1587 B.
1587 1558 1667 1588 Idem
1692 1559 1719 1588 in
1744 1557 1886 1588 branchia
1910 1558 2086 1588 scutil'ornii.
2105 1577 2143 1582 -

495 1617 526 1647 C.
550 1617 630 1646 Idem
653 1617 682 1646 in
705 1616 874 1645 abdomine.

412 1684 470 1723 Fiy.
496 1683 581 1714 XIII.
628 1683 788 1722 Sanguinis
809 1683 837 1711 in
860 1682 935 1719 pede
957 1681 1137 1710 abdominuli
1162 1680 1304 1709 circuitus
1329 1684 1373 1716 (ᾗ.
1399 1680 1471 1714 22.).

490 1741 526 1771 A.
548 1741 696 1771 Branchia
718 1742 857 1770 exterior.
884 1759 919 1763 -
944 1739 977 1768 Β,
1004 1738 1149 1768 Braucbia
1176 1738 1305 1767 interior.
1332 1738 1467 1776 (Sagitlis
1493 1736 1645 1776 sanguinis
1672 1745 1775 1766 cursus
1800 1736 2044 1773 demonstratur.)

408 1807 467 1850 Fiy.
493 1807 573 1837 XIV.
620 1807 713 1837 Lubrt'
738 1806 918 1836 constructio
942 1810 986 1841 (§.
1012 1806 1087 1842 ⁸21.)
1113 1823 1152 1827 -—
1173 1804 1298 1834 Labrum
1325 1813 1340 1833 a
1365 1807 1447 1842 parte
1473 1803 1615 1832 inferiore
1640 1807 1769 1842 apertum
1792 1807 1844 1833 cst.

488 1866 520 1896 L.
544 1866 680 1895 Labrum.
704 1884 743 1888 -
768 1864 803 1894 N.
824 1864 1008 1900 Membrana,
1034 1867 1123 1893 totuin
1147 1872 1200 1902 per
1223 1862 1334 1892 labrum
1358 1866 1490 1891 extensa.
1515 1879 1555 1884 -
1586 1871 1615 1890 n.
1636 1862 1895 1902 Emarginationcs
1918 1862 1964 1891 vel
1988 1862 2069 1891 sinus
2094 1861 2141 1890 in-

489 1926 534 1951 ter
556 1921 680 1950 lacinias
703 1919 892 1949 membranae
916 1918 1030 1954 relicti,
1058 1926 1111 1956 per
1134 1925 1207 1955 quos
1231 1918 1373 1946 cavitates
1400 1916 1473 1945 labri
1503 1917 1639 1954 superior
1661 1920 1690 1946 et
1720 1916 1843 1946 insci-lor
1866 1916 2041 1946 coniunctae
2064 1918 2138 1943 sunt.

489 1993 529 1998 --
556 1973 585 2003 T.
614 1973 645 2002 U.
676 1972 703 2002 V.
730 1972 852 2002 Musculi
875 1971 981 2007 iidem,
1013 1971 1060 2009 qui
1085 1971 1113 1999 in
1136 1970 1182 2009 lig.
1206 1969 1246 1999 II.
1270 1970 1327 1999 tab.
1354 1970 1376 2000 I.
1400 1971 1596 2000 inveniuntur.
1639 1988 1667 1992 -
1703 1969 1736 2005 Q.
1770 1969 1887 1998 Canalis
1923 1970 2140 1999 membramicci

495 2028 647 2061 orificium,
669 2028 717 2065 qui
743 2027 778 2056 ab
802 2026 894 2056 oculis
915 2025 951 2055 ad
973 2028 1083 2064 partem
1108 2024 1278 2053 inferiorem
1301 2024 1556 2063 cephalollioracis
1579 2024 1743 2053 descendit.
1768 2044 1805 2047 —
1831 2024 1863 2053 Z.
1887 2024 2007 2054 Musculi
2029 2025 2085 2053 boc
2111 2025 2137 2053 in

489 2082 584 2112 canali
607 2082 662 2111 siti.
689 2102 723 2105 -—
751 2082 783 2110 G.
803 2080 965 2111 Glandulae
988 2078 1144 2108 ventriculi
1170 2086 1248 2117 pars.

407 2149 466 2188 Fiq.
492 2148 555 2178 XV.
608 2148 686 2177 Vasa
709 2147 739 2175 in
763 2150 894 2175 eoetremo
918 2146 1057 2183 corporis·
1083 2145 1193 2174 annulo
1214 2144 1273 2174 sita
1295 2148 1338 2181 (ὃ.
1368 2145 1430 2183 17).
1466 2163 1499 2167 —
1534 2145 1640 2184 Figura
1663 2145 1798 2183 corporis
1820 2147 1978 2175 extremuni
2003 2143 2138 2172 annulum

448 2203 586 2239 ostendit,
611 2212 626 2232 a
651 2203 768 2231 sinislra
792 2204 934 2240 apertum,
957 2209 973 2229 a
997 2200 1099 2229 dextra
1123 2199 1242 2228 nonnisi
1267 2202 1339 2228 testa
1364 2202 1487 2228 externa
1511 2198 1674 2237 spoliatum.

492 2262 528 2291 M.
551 2261 720 2291 Membrana
740 2269 793 2299 per
815 2259 960 2288 abdomen
984 2261 1106 2287 extensa
1129 2256 1181 2291 (cs.
1208 2255 1266 2294 Εἰς.
1286 2256 1348 2293 X).
1370 2276 1407 2279 —
1430 2265 1456 2293 q.
1480 2255 1618 2285 Eiusdem
1643 2265 1745 2295 margo
1768 2255 1923 2294 posterior.
1949 2258 2041 2283 testae
2065 2253 2137 2283 dor-

489 2315 543 2344 sali
570 2314 668 2343 annuli
691 2313 813 2343 extremi
836 2312 948 2341 affixus.
975 2329 1013 2332 —
1047 2310 1075 2339 S.
1098 2310 1155 2338 Vas
1179 2310 1300 2339 interius
1328 2319 1365 2338 ex
1387 2310 1529 2339 interiore
1554 2309 1719 2339 abdominis
1744 2310 1870 2338 cavitate
1893 2310 1920 2338 in
1946 2312 2037 2338 setam
2063 2317 2136 2337 cau-

489 2368 585 2398 dalcm
609 2367 805 2396 descendens.
836 2384 869 2388 -—
896 2365 929 2394 R.
954 2365 1012 2394 Vas
1035 2363 1172 2393 exterius.
1197 2380 1236 2386 —
1267 2372 1291 2393 r.
1324 2363 1462 2392 Eiusdem
1496 2364 1637 2392 orificium
1672 2364 1700 2392 in
1732 2363 1857 2391 cavitate
1892 2362 2057 2392 abdominis
2082 2371 2136 2390 su-

491 2423 618 2462 pcriorc.
643 2440 682 2444 —
706 2422 733 2450 P.
760 2421 854 2450 l'enis.

410 2477 535 2516 unrae
559 2474 748 2505 XVI—XIX
763 2474 894 2512 partium
915 2473 944 2501 in
965 2470 1210 2509 cephalollzorace
1231 2471 1317 2500 situm
1339 2471 1573 2509 interpretantur
1595 2474 1639 2506 (§.
1661 2470 1731 2507 145).

412 2532 470 2570 Fiy.
496 2530 575 2560 XVI.
633 2527 829 2567 Oesopliagus
853 2532 881 2557 et
905 2526 981 2555 oculi
1003 2525 1174 2555 membrana
1197 2525 1382 2555 circumclusi
1409 2527 1437 2555 in
1465 2527 1521 2555 situ
1544 2524 1677 2554 naturali.

410 2586 469 2626 Fiy.
495 2584 590 2614 XVII.
634 2584 702 2614 Pars
724 2582 854 2612 anterior
872 2580 1025 2611 ventriculi
1052 2578 1152 2608 cordis
1174 2580 1321 2617 arteriosi,
1345 2580 1421 2610 inter
1438 2580 1539 2610 oculos
1564 2579 1628 2608 sita.
