2419 2972
1143 322 1389 358 —34-

377 425 471 463 tent7
506 416 704 464 descriptae
731 424 812 452 sunt
838 428 856 450 a
884 415 1006 451 Lund
1033 423 1067 451 et
1093 416 1294 451 Schulze.
1358 418 1396 452 ln
1423 418 1558 467 Apode
1591 421 1793 468 complures
1819 422 1995 456 eiusmodi
2022 430 2139 469 partes

375 492 480 527 supra
507 478 706 525 descriptae
733 485 824 513 sunt.

522 543 555 575 5.
609 542 647 575 ln
672 540 867 575 Crustaceis
892 540 1136 588 superioribus
1162 551 1225 574 cor
1251 539 1387 575 nullum
1413 541 1620 588 sanguinem
1655 540 1722 575 nisi
1748 542 1957 577 arteriosum
1985 556 2004 578 e
2030 545 2139 579 bran-

522 603 612 638 chiis
639 604 789 650 exeipit,
823 604 859 638 in
885 603 1113 638 inferioribus
1139 609 1264 637 contra
1290 615 1370 650 pars
1395 601 1508 637 modo
1543 603 1723 650 sanguinis
1757 603 1886 650 quovis
1919 604 1956 639 in
1991 607 2139 641 circuitu

520 666 680 713 respirat.

470 728 568 763 Hanc
600 728 740 763 thesem
773 727 931 775 probant
966 726 1233 761 observationes
1267 725 1312 760 de
1345 723 1628 773 Decapodibus‚
1663 725 1708 760 de
1745 726 2051 776 Stomapodibus‚
2093 730 2137 765 ‹le

373 790 549 840 Daphnin
573 797 607 825 et
632 789 677 825 de
704 789 839 838 Aposle
863 789 984 823 factae.

521 855 555 888 6.
608 853 646 887 In
672 851 867 887 Crustaceis
900 850 1129 885 inferioribus
1156 857 1296 897 praeter
1328 862 1392 885 cor
1427 862 1617 895 venosum‚
1659 850 1807 885 alterum
1844 864 1905 887 cor
1929 854 2138 888 arteriosum

520 915 592 948 sive
618 915 704 948 alter
730 913 848 948 cordis
874 912 1089 947 ventriculus
1113 912 1304 947 arteriosus
1330 913 1517 959 reperitur.

469 976 563 1010 Haec
588 988 668 1022 pars
694 975 813 1010 adbuc
836 975 872 1009 in
900 974 1074 1023 Daphnin
1101 981 1135 1008 et
1164 974 1200 1008 in
1224 972 1360 1022 Apode
1385 981 1525 1009 tantum
1554 975 1739 1010 observata
1768 983 1829 1010 est.

470 1049 749 1085 Crzzmceormn
772 1056 807 1083 et
831 1049 1055 1084 Inseccorwn
1082 1047 1354 1082 similitudinem
1378 1054 1486 1095 atque
1512 1046 1720 1083 affinitatem
1746 1062 1784 1083 ex
1803 1049 1936 1096 Apodis
1961 1057 2138 1086 structura

371 1111 497 1146 melius
522 1111 689 1158 cognosci
719 1122 835 1157 posse,
858 1116 1016 1156 apparet.
1070 1110 1228 1143 Primum
1252 1110 1348 1144 enim
1383 1109 1411 1144 si
1436 1108 1571 1156 Apodis
1607 1122 1670 1144 cor
1705 1123 1785 1145 cum
1811 1111 2030 1146 lnsectorum
2057 1125 2138 1146 vase

371 1173 501 1208 dorsali
544 1184 817 1219 comparamus,
865 1173 964 1207 cuius
1003 1173 1308 1206 constructionem
1355 1173 1566 1207 acutissimis
1607 1174 1878 1220 quaestionibus
1923 1174 2138 1209 illustrarunt

370 1234 853 1279 Sti-aus-Duei-kheim,
880 1233 1056 1275 Carus*)
1091 1241 1125 1269 et
1148 1234 1286 1281 lVagn
1298 1247 1341 1269 er
1360 1235 1407 1276 *ἢ
1425 1261 1434 1279 ,
1461 1235 1546 1269 huic
1571 1242 1605 1269 et
1630 1235 1744 1270 forma
1771 1242 1805 1269 et
1832 1236 1970 1270 ratione
1997 1237 2139 1283 sangui-

369 1298 423 1331 nis
450 1295 651 1343 excipiendi
678 1296 898 1330 simillimum
923 1303 985 1341 cst,
1012 1308 1054 1330 eo
1081 1304 1201 1331 tamen
1229 1297 1274 1331 ab
1303 1297 1361 1331 illo
1390 1296 1530 1342 differt,
1556 1296 1657 1344 quod
1686 1310 1760 1332 non
1785 1304 1902 1331 totum
1928 1310 1993 1344 per
2019 1297 2136 1332 abdo-

367 1371 451 1393 men
474 1358 537 1393 sed
564 1370 628 1405 per
652 1358 866 1393 anteriorem
902 1358 976 1393 eius
1002 1365 1140 1405 partem
1168 1357 1280 1393 modo
1309 1359 1486 1405 pertinet,
1518 1371 1585 1393 nec
1619 1359 1821 1406 complures
1854 1360 1891 1393 in
1922 1359 2138 1393 ventriculos

366 1421 529 1467 corporis
556 1421 695 1455 annulis
721 1419 978 1467 respondentes
1005 1420 1157 1455 divisum
1185 1427 1256 1466 est,
1290 1427 1325 1455 et
1349 1420 1442 1455 hanc
1470 1421 1517 1455 ob
1544 1433 1618 1454 rem
1649 1433 1721 1454 non
1746 1427 1845 1454 motu
1878 1433 1897 1454 a
1931 1421 2132 1467 posteriore

365 1489 466 1529 parte
493 1482 538 1517 ad
564 1483 780 1518 anteriorem
807 1482 1072 1529 progrediente,
1093 1482 1156 1517 sed
1180 1482 1309 1517 eodem
1336 1489 1501 1529 tempore
1526 1488 1640 1516 totam
1666 1494 1731 1528 per
1753 1481 2013 1529 longitudinem
2045 1494 2135 1516 con-

365 1546 518 1580 trahitur
543 1552 652 1592 atque
679 1545 889 1579 extenditur.
941 1545 1030 1580 Tum
1058 1546 1089 1579 ei
1115 1546 1210 1591 vasi,
1244 1544 1345 1592 quod
1371 1545 1409 1579 in
1436 1544 1580 1578 Insectis
1613 1556 1631 1578 e
1659 1556 1737 1578 vase
1765 1543 1896 1578 dorsali
1925 1551 2042 1578 ortum
2070 1557 2135 1591 per

363 1608 548 1642 thoracem
577 1607 622 1642 ad
650 1608 771 1642 oculos
805 1620 919 1654 usque
954 1608 1114 1642 aseendit
1148 1614 1182 1642 et
1210 1620 1229 1642 a
1256 1607 1437 1642 nonnullis
1464 1606 1697 1653 scriptoribus
1724 1606 1852 1640 arteria
1887 1613 1987 1641 aorta
2014 1607 2134 1641 nomi-

364 1676 486 1703 natum
515 1676 583 1713 est9
619 1670 654 1702 in
683 1669 807 1716 Apozle
835 1669 954 1704 cordis
986 1671 1199 1709 ventriculus
1226 1670 1416 1705 arteriosus
1443 1682 1516 1703 non
1551 1669 1662 1703 forma
1700 1668 1873 1716 quidem,
1906 1667 1969 1703 sed
2001 1669 2070 1703 situ
2098 1676 2132 1703 et

364 1743 420 1775 eo,
447 1730 548 1777 quod
576 1731 666 1765 inter
693 1732 815 1765 oculos
842 1732 878 1765 in
906 1732 1058 1766 liberum
1087 1733 1216 1766 ostium
1245 1732 1326 1777 exit,
1353 1732 1507 1765 maxime
1535 1731 1740 1778 respondet.
1778 1752 1786 1753 ff
1815 1731 1879 1764 Vas
1906 1737 2023 1764 autem
2048 1730 2135 1764 (lor-

362 1792 432 1826 sale
450 1792 670 1827 Insectorum
696 1793 933 1839 plurimorum
958 1794 1137 1838 musculis,
1162 1793 1224 1841 qui
1250 1793 1339 1828 vasis
1365 1792 1514 1826 dorsalis
1539 1793 1614 1827 alae
1642 1792 1811 1827 dicuntur
1833 1799 1867 1826 et
1886 1792 1998 1826 forma
2023 1791 2135 1826 trian-

361 1854 471 1901 gulari
498 1861 591 1899 sunt,
619 1854 780 1900 corporis
807 1855 974 1888 lateribus
994 1853 1137 1888 affixum
1166 1861 1227 1889 est.
1281 1854 1505 1899 Quibuscum
1534 1854 1753 1888 lnsectoruin
1781 1853 1947 1887 musculis
1975 1864 2050 1886 non
2071 1865 2132 1887 so·-

362 1916 435 1949 lum
469 1915 582 1949 forma
628 1922 662 1949 et
696 1916 890 1950 insertione
925 1915 988 1950 sed
1022 1916 1193 1950 fibrarum
1226 1916 1331 1950 etiam
1366 1916 1620 1950 muscularium
1659 1915 1858 1949 directione
1897 1914 2128 1948 membranae

363 1977 428 2011 sub
461 1976 570 2011 corde
605 1976 739 2024 Apodis
774 1990 838 2024 per
870 1976 1053 2012 abdomen
1090 1984 1252 2012 extensae
1285 1978 1435 2012 laciniae
1472 1976 1685 2010 musculares
1730 1976 1880 2010 omnino
1916 1984 2128 2024 congruunt.

364 2037 610 2077 (Conferantur
634 2038 716 2086 Fig.
741 2038 806 2073 IX.
833 2039 879 2074 X.
907 2039 972 2074 sl.
1000 2039 1140 2073 tabulae
1165 2038 1212 2074 II.
1240 2051 1321 2073 cum
1348 2038 1484 2087 figuris,
1512 2038 1642 2085 quibus
1669 2038 1732 2071 has
1757 2037 1976 2072 Insectorum
2006 2045 2125 2084 partes

427 2207 461 2243 ff)
483 2206 641 2237 Nachricht
661 2206 734 2236 iiber
757 2205 804 2235 die
822 2206 1018 2246 Entdeekung
1041 2206 1123 2235 eines
1146 2205 1313 2236 ‹leutlichen
1335 2205 1475 2236 Blutlaul's
1497 2205 1545 2234 bei
1568 2204 1713 2234 Insecten.
1738 2204 1803 2235 Isis.
1830 2203 1916 2233 1827.
1941 2212 1967 2242 p.
1986 2203 2055 2233 315.

528 2272 651 2301 Eiusil.
677 2272 910 2311 Ennleckuugen
935 2272 1019 2302 eines
1041 2271 1199 2302 einfachen
1228 2280 1296 2301 vom
1320 2272 1436 2301 Herzen
1466 2280 1519 2301 aus
1544 2271 1791 2311 beschleunigten
1813 2270 1995 2300 Kreislauft‘s
2019 2271 2048 2299 in
2073 2270 2129 2299 (len

487 2324 601 2354 Larven
624 2326 849 2366 netzlli'iglichcr
872 2325 1019 2355 Inseclen.
1041 2325 1138 2364 Leipz.
1169 2325 1256 2354 1527.

528 2390 657 2421 Eiusd.
677 2392 805 2422 Fernere
828 2392 1094 2431 Untersuchungen
1117 2391 1191 2421 iiber
1216 2391 1273 2421 den
1298 2391 1426 2422 Blutlauf
1455 2391 1484 2421 in
1515 2391 1635 2421 Kerfen.
1668 2408 1706 2413 ——
1736 2390 1818 2420 Nova
1853 2393 1917 2420 acta
1956 2389 2127 2419 academiae

487 2444 572 2475 Caes.
594 2445 682 2484 Leop.
710 2446 806 2476 Carol.
829 2446 910 2476 Toni.
926 2446 987 2476 XV.
1010 2446 1037 2475 P.
1050 2445 1082 2475 ΙΙ.
1107 2446 1173 2485 p.1.

403 2524 459 2560 ff)
481 2523 733 2563 Beobachtungen
755 2524 828 2554 iiber
851 2525 909 2554 (len
933 2523 1083 2555 Kreislauf
1110 2524 1162 2554 des
1190 2524 1287 2555 Blutes
1310 2524 1368 2554 und
1404 2524 1460 2554 den
1487 2524 1547 2554 Bau
1568 2523 1619 2553 des
1643 2521 1900 2562 nnckengefasses
1923 2522 1970 2552 bei
1993 2520 2050 2550 den
2074 2520 2124 2549 ln-

487 2579 600 2607 secten.
624 2576 688 2607 Isis.
714 2577 800 2607 1532.
825 2587 851 2616 p.
868 2578 936 2608 320.
