2419 2972
1133 314 1377 351 —16—-

379 424 457 445 rum
485 424 614 459 corpus
637 414 876 460 pellucidum,
910 413 1087 461 imprimis
1115 413 1142 447 si
1179 425 1219 447 ea
1254 412 1446 459 eliguntur,
1481 422 1573 457 quae
1609 409 1721 445 modo
1748 418 1873 446 testam
1902 419 2138 459 mutaverunt,

378 475 558 520 sanguinis
581 475 747 510 circuitus
769 484 905 523 partem
935 475 1116 524 quandam
1145 476 1333 509 observare
1359 473 1544 519 permittit.
1580 472 1618 506 ln
1637 473 1702 506 illis
1722 473 2030 508 'observationibus
2052 487 2138 508 ana-

376 536 518 569 tomicis
543 536 642 570 facile
669 538 776 571 errari
803 545 932 584 potest,
956 538 1024 572 hae
1050 538 1106 571 vix
1134 536 1284 571 dubium
1312 534 1529 580 relinquunt.
1583 533 1704 577 Quum
1733 534 1837 581 igitur
1863 534 1917 568 his
1943 536 2138 570 confirma-

374 604 492 631 turum
518 611 576 632 me
603 599 676 632 illas
704 606 880 646 oporteat,
907 600 934 634 si
960 600 1121 647 pluribus
1148 597 1265 633 verbis
1292 597 1327 630 in
1352 595 1593 642 descriptione
1620 595 1747 629 harum
1775 608 1892 629 rerum
1921 608 2136 642 commorer,

370 659 581 706 ignoscatur.

469 724 497 760 §.
529 719 583 755 14.
635 720 733 758 Situs
755 723 914 771 partium
940 725 978 758 in
1004 722 1318 771 ceplzalotlzorace.
1350 738 1396 745 —
1432 718 1554 763 Quum
1588 717 1634 753 ad
1659 718 1928 766 intelligendum
1957 722 2136 768 sanguinis

371 781 558 816 circuitum
586 783 736 818 omnino
766 797 908 819 necesse
936 785 1005 830 sit,
1041 785 1127 819 situs
1150 784 1305 830 partium
1332 782 1369 816 in
1392 781 1692 828 cephalothorace
1719 781 1914 816 accuratius
1941 794 2136 829 cognosca-

369 851 438 889 tur,
463 851 544 878 ante
569 845 661 879 illius
687 845 965 894 descriptionem
994 847 1053 880 hic
1076 846 1198 893 paucis
1223 845 1339 878 verbis
1366 842 1591 878 illustrandus
1619 849 1680 876 est.

467 906 557 941 Ante
581 920 750 954 magnum
777 909 975 943 musculum
1005 907 1318 951 mandibularum,
1356 913 1395 940 ut
1424 906 1494 940 iam
1521 917 1627 951 supra
1653 904 1824 950 vidimus,
1857 918 1876 940 a
1901 906 2002 941 labro
2030 920 2135 942 oeso-

368 969 504 1016 phagus
533 970 750 1018 (FigXI‘I.
781 971 882 1005 XIX.
897 971 964 1016 Q),
988 970 1138 1005 fortibus
1165 970 1332 1003 musculis
1360 969 1403 1002 ab
1432 968 1600 1003 omnibus
1626 968 1787 1015 partibus
1813 967 1984 1015 firmatus,
2011 982 2134 1004 ascen-

366 1031 429 1065 dit.
482 1032 547 1070 Ubi
572 1033 778 1080 oesophago
803 1033 954 1066 insertus
975 1039 1027 1066 est
1053 1032 1268 1066 ventriculus
1298 1031 1392 1079 (Fig.
1407 1030 1518 1065 XVI.
1534 1030 1621 1075 V.),
1653 1030 1703 1063 ibi
1738 1037 1820 1064 ante
1854 1030 2009 1065 eundem
2034 1044 2134 1066 cerc-

364 1093 470 1126 brum
498 1093 591 1141 (Fig.
609 1092 760 1128 XVIII.
776 1094 880 1129 XIX.
893 1094 954 1135 A.)
982 1095 1089 1128 situm
1120 1101 1181 1127 est.
1235 1092 1450 1137 Cerebrum,
1477 1091 1594 1126 nodus
1621 1104 1769 1126 nerveus
1796 1104 1923 1139 parvus
1950 1105 2134 1140 compres-

363 1166 506 1200 susque,
533 1154 647 1189 forma
670 1154 742 1189 sere
769 1155 1058 1202 quadrangulari,
1086 1156 1133 1190 ita
1161 1155 1309 1201 oblique
1335 1155 1493 1201 positum
1520 1167 1560 1188 ac
1586 1155 1832 1201 resupinatum
1860 1162 1934 1200 est,
1961 1162 2000 1189 ut
2026 1156 2132 1190 altera

363 1217 437 1250 eius
463 1216 567 1251 facies
593 1217 631 1251 in
657 1217 837 1251 anteriora
867 1224 902 1251 et
927 1217 1135 1264 superiora,
1176 1218 1283 1252 altera
1311 1217 1346 1251 in
1374 1217 1541 1251 inferiora
1569 1223 1604 1250 et
1630 1217 1830 1263 posteriora
1856 1230 1955 1251 versa
1980 1217 2035 1251 sit.
2084 1218 2132 1252 Ex

364 1278 500 1325 angulis
527 1278 669 1312 duobus
692 1278 920 1313 inferioribus
946 1280 1083 1313 cerebri
1112 1280 1274 1314 oriuntur
1300 1279 1325 1313 ii
1353 1279 1450 1313 nervi
1477 1279 1570 1327 (Fig.
1585 1279 1690 1314 XIX.
1708 1279 1769 1324 d.),
1796 1280 1857 1327 qui
1886 1280 2131 1327 oesophagum

363 1340 652 1386 complectuntur
678 1347 713 1374 ct
738 1340 783 1374 ad
807 1342 968 1387 corporis
993 1348 1132 1388 partem
1166 1341 1360 1375 ventralem
1393 1340 1628 1375 descendunt.
1680 1341 1833 1388 Propter
1858 1342 1965 1375 situm
1993 1343 2130 1376 cerebri

364 1402 553 1448 obliquum
576 1402 614 1436 hi
642 1403 752 1447 nervi,
779 1410 817 1436 ut
840 1402 996 1449 primum
1026 1416 1066 1437 ex
1093 1416 1136 1437 eo
1165 1404 1292 1450 egressi
1318 1409 1412 1448 sunt,
1438 1404 1608 1437 arcuatim
1636 1403 1673 1438 in
1698 1404 1899 1450 posteriora
1925 1416 1962 1437 se
1991 1411 2127 1439 vertant

362 1474 505 1496 necesse
533 1469 594 1496 est.
646 1463 693 1497 Ex
717 1464 851 1510 angulis
879 1465 1015 1498 cerebri
1041 1465 1287 1510 superioribus
1314 1464 1412 1498 nervi
1440 1463 1594 1498 duorum
1624 1465 1810 1499 oculorum
1838 1466 2123 1511 compositorum

364 1523 467 1567 (ibid.
496 1523 526 1559 b.
557 1525 606 1565 B.)
640 1532 673 1558 et
699 1525 820 1559 medio
850 1538 867 1559 e
899 1526 1057 1572 margine
1090 1527 1275 1573 superiore
1302 1526 1441 1560 duabus
1466 1525 1647 1560 radicibus
1674 1539 1826 1572 nervus,
1863 1528 1924 1573 qui
1952 1527 1997 1561 ad
2025 1527 2126 1561 rudi-

361 1594 523 1620 mentum
551 1587 644 1621 oculi
672 1587 816 1622 animali
844 1588 987 1622 iuvenili
1014 1588 1152 1635 proprii
1179 1589 1336 1635 pertinet
1362 1587 1460 1629 (ibid.
1490 1588 1554 1634 C),
1581 1589 1755 1623 oriuntur.
1806 1589 1909 1623 Nervi
1938 1590 2125 1624 oculorum

363 1649 647 1694 compositorum
684 1649 921 1684 directionem
959 1651 1096 1684 cerebri
1135 1651 1330 1684 retinentes
1370 1651 1518 1697 oblique
1554 1650 1592 1684 in
1632 1651 1831 1697 posteriora
1868 1658 1903 1685 et
1942 1652 2127 1698 superiora

360 1709 578 1754 ascendunt,
615 1723 687 1757 quo
716 1710 772 1756 lit,
810 1718 850 1745 ut
876 1712 969 1745 oculi
993 1712 1192 1759 posteriore
1219 1719 1319 1759 parte
1346 1712 1590 1759 oesophagum
1618 1712 1722 1760 longe
1749 1720 1934 1760 superent,
1971 1713 2124 1760 spatium

360 1778 478 1805 autem
506 1772 597 1806 inter
622 1771 710 1806 duas
732 1779 849 1819 partes
875 1774 1037 1807 relictum
1063 1774 1260 1808 ventriculo
1288 1775 1454 1822 repletur.
1515 1774 1770 1809 Rudimentum
1797 1776 1886 1809 illius
1913 1776 2005 1810 oculi
2033 1776 2124 1810 inter

358 1845 506 1880 magnos
533 1834 654 1868 oculos
680 1834 785 1868 situm
813 1842 865 1869 est
890 1842 925 1869 et
951 1836 1171 1870 extremitate
1197 1837 1376 1871 anteriore
1404 1837 1585 1883 prominet
1614 1838 1828 1886 (F1·g.XVI.
1843 1838 1946 1873 XIX.
1961 1837 2024 1879 C.).

456 1896 498 1930 Et
530 1897 714 1930 cerebrum
750 1904 784 1931 et
817 1898 1003 1932 oculorum
1033 1899 1135 1933 'nervi
1162 1899 1373 1933 membrana
1409 1899 1565 1946 quadam
1599 1900 1681 1934 satis
1714 1900 1827 1935 solida
1858 1901 1951 1949 (Fig.
1971 1901 2122 1937 XVI-

359 1957 464 1993 XIX.
482 1957 539 1999 F.)
568 1958 736 1992 omnibus
762 1971 781 1993 a
809 1960 969 2005 partibus
996 1960 1336 2006 circumcluduntur,
1365 1974 1435 2008 qua
1462 1961 1593 1996 canalis
1619 1960 1786 2008 quidam,
1812 1974 1876 2008 per
1903 1975 2011 2008 quem
2039 1975 2121 1996 san-

358 2020 433 2065 guis
459 2031 479 2053 a
504 2026 603 2066 parte
631 2021 814 2066 superiore
841 2023 1003 2068 corporis
1029 2022 1074 2056 ad
1100 2022 1305 2057 inferiorem
1333 2024 1436 2069 fluat,
1471 2022 1633 2057 efficitur.
1687 2023 1807 2067 Quum
1836 2024 1969 2057 scilicet
1996 2024 2121 2057 oculo-

360 2094 437 2115 rum
465 2081 549 2115 situs
577 2081 752 2116 eiusmodi
779 2083 843 2128 sit,
878 2090 917 2117 ut
943 2091 1042 2130 parte
1069 2085 1269 2131 posteriore
1295 2085 1433 2131 longius
1461 2085 1554 2119 inter
1575 2097 1612 2119 se
1639 2085 1768 2119 remoti
1796 2085 1886 2131 sint,
1921 2098 2028 2132 quam
2056 2099 2120 2120 an—

357 2144 486 2178 teriore
522 2144 575 2185 (cs.
603 2145 685 2192 Fig.
699 2145 743 2179 X.
758 2145 835 2190 O),
873 2146 1002 2180 cavitas
1029 2147 1121 2193 (Fig.
1139 2146 1268 2181 XVII.
1287 2146 1436 2181 XVIII.
1452 2146 1505 2188 E.)
1545 2146 1639 2180 inter
1665 2159 1726 2180 eos
1753 2147 1985 2193 relinquitur,
2020 2148 2119 2182 cuius

357 2204 471 2238 forma
497 2205 673 2251 pyramidi
699 2206 893 2252 triquetrae
921 2219 994 2239 non
1021 2205 1201 2240 dissimilis
1228 2215 1289 2241 est.
1350 2208 1377 2242 A
1404 2215 1504 2255 parte
1529 2208 1713 2255 superiore
1741 2209 1830 2242 haec
1858 2208 1986 2242 cavitas
2014 2209 2118 2243 obte-

360 2272 414 2299 cta
450 2273 501 2299 est
526 2278 639 2300 massa
674 2267 830 2313 quadam
867 2268 1056 2313 molliore,
1089 2268 1188 2302 cuius
1224 2268 1260 2302 in
1286 2270 1445 2316 margine
1478 2271 1676 2317 posteriore
1712 2271 1905 2305 eminentia
1938 2272 2115 2319 quaedam

358 2328 448 2375 (Fig.
462 2327 508 2361 X.
535 2327 573 2362 P.
587 2328 716 2363 XVII.
728 2328 800 2374 D.),
828 2341 847 2362 a
871 2328 1058 2364 Schaefe
1069 2341 1115 2363 ro
1141 2330 1262 2364 oculus
1288 2331 1437 2377 simplex
1463 2331 1661 2377 nominata,
1685 2332 1915 2378 conspicitur.
1961 2334 1988 2366 A
2014 2341 2113 2380 parte

356 2389 544 2433 anteriore,
572 2389 737 2424 inferiore
753 2397 787 2424 et
810 2391 943 2424 laterali
971 2391 1099 2425 cavitas
1126 2393 1337 2426 membrana
1361 2392 1475 2428 solida
1490 2393 1679 2428 tendinosa
1696 2400 1730 2427 et
1747 2394 1859 2428 nitida
1875 2395 1968 2443 (Fig.
1978 2395 2109 2430 XVII.

357 2449 507 2483 XVIII.
519 2449 571 2490 E.)
600 2462 618 2483 a
645 2452 779 2497 magnis
803 2452 913 2486 oeulis
940 2451 1183 2487 adiacentibus
1209 2455 1342 2489 seclusa
1366 2462 1428 2501 est,
1456 2469 1521 2490 nec
1548 2457 1613 2490 nisi
1639 2457 1674 2490 in
1698 2457 1833 2503 pariete
1856 2458 2032 2492 anteriore
2059 2457 2113 2492 so-

356 2523 479 2545 ramen
505 2524 651 2558 parvum
679 2514 940 2548 subrolunduni
970 2515 1072 2556 (ibid.
1101 2518 1143 2556 o..)
1172 2515 1265 2550 hanc
1292 2519 1475 2553 cavitatem
1504 2530 1584 2551 cum
1613 2530 1655 2551 eo
1682 2520 1809 2566 spatio,
1839 2521 1874 2555 in
1901 2532 1973 2566 quo
2000 2526 2035 2553 et
2054 2531 2114 2556 ce-

358 2573 501 2607 rebrum
528 2581 562 2608 et
588 2575 680 2609 oculi
706 2576 762 2609 siti
790 2584 881 2621 sunt,
910 2578 1104 2625 coniungit.
1156 2579 1181 2612 A
1209 2585 1309 2626 parte
1334 2580 1533 2625 posteriore
1559 2579 1718 2628 denique
1746 2582 1873 2616 cavitas
1900 2588 2020 2628 aperta
2047 2590 2110 2627 cst,
