2419 2972
1153 314 1401 351 —54-

384 414 473 449 haec
501 414 592 448 inter
617 413 797 448 filamenta
822 412 1012 447 vesiculam
1036 411 1218 459 quandam
1246 412 1343 453 (ibid.
1360 412 1445 457 Bp),
1477 411 1549 446 duo
1577 422 1730 457 corpora
1755 410 1861 445 rubra
1888 410 2146 456 continentem,

384 483 420 511 et
444 483 516 510 tam
544 488 702 523 parvam7
728 482 767 510 ut
792 474 937 510 nonnisi
963 474 1203 521 microscopio
1232 475 1386 522 perspici
1412 474 1536 521 possit,
1561 472 1690 520 reperi.
1742 472 1844 517 Tum,
1870 473 1957 507 alius
1983 473 2146 507 animalis

384 545 543 572 extremo
581 539 618 572 in
657 538 788 572 annulo
827 537 990 584 eorporis
1028 543 1184 583 quatuor
1218 536 1346 570 similia
1383 535 1615 582 corpuscula,
1652 533 1809 581 paullulo
1850 534 1985 568 maiora
2025 535 2144 568 inveni

385 599 489 643 (ibid.
506 601 567 645 R),
594 612 686 647 quae
713 599 833 633 colore
845 597 978 645 Apodis
1002 599 1114 632 ovulis
1140 611 1215 632 non
1243 597 1427 632 dissimilia
1454 603 1567 642 erant7
1592 595 1655 630 sed
1679 594 1924 642 magnitudine
1952 596 2017 629 illis
2033 597 2143 630 multo

383 662 654 708 superabantur.
720 661 813 694 Haec
846 672 1020 707 corpora,
1055 667 1095 694 ut
1128 660 1407 706 microscopium
1444 658 1619 702 ostendit,
1654 657 1720 690 illis
1755 656 1946 691 filamentis
1979 656 2145 691 adiuncta

384 730 496 768 erant,
523 730 557 757 et
584 721 746 769 quidque
774 734 899 756 eorum
926 721 1135 756 membrana
1161 728 1304 755 externa
1326 720 1500 754 vesiculae
1524 719 1561 752 in
1586 718 1735 753 modum
1763 718 1906 753 dilatata
1934 725 1968 752 et
1993 730 2145 765 corpore

381 785 524 819 interno
552 785 683 830 rubro,
711 782 812 830 quod
839 796 857 817 e
883 784 1024 830 liquore
1051 783 1236 830 coagulato
1263 788 1425 816 constare
1450 779 1650 825 videbatur,
1676 781 1917 827 compositum
1942 787 2026 814 erat.
2066 781 2144 815 Non

380 845 536 880 dubitari
571 847 676 893 igitur
709 851 848 892 potest,
881 845 970 891 quin
1002 844 1091 878 haec
1125 856 1278 891 corpora
1309 850 1344 877 et
1375 843 1432 877 illa
1459 843 1611 876 vesicula
1646 854 1751 888 supra
1778 841 1963 888 descripta
1996 841 2143 876 eaedem

379 906 449 940 sint
474 914 612 953 partes3
647 913 682 940 et
708 906 796 940 mihi
825 905 973 953 quidem
1000 905 1190 939 verisimile
1223 917 1297 939 esse
1323 904 1484 949 videtur,
1518 903 1699 938 filamenta
1726 902 1800 947 illa‚
1837 903 1998 948 quamvis
2024 903 2143 950 specie

380 973 523 1000 externa
551 966 701 1000 omnino
729 967 834 1013 plana
861 972 896 999 et
920 965 1087 1012 depressa
1114 978 1187 999 6556
1213 966 1391 1011 videntur,
1420 973 1539 1000 tamen
1566 965 1706 999 canales
1732 964 1785 997 vel
1813 965 1968 1011 tubulos,
1996 964 2053 998 illa
2080 976 2144 998 au-

377 1036 450 1062 tem
480 1040 632 1074 corpora
660 1030 767 1063 rubra
793 1041 916 1062 semen
941 1028 1040 1062 virile
1067 1028 1289 1075 coagulatum
1321 1041 1407 1074 esse,
1435 1027 1548 1075 quod,
1574 1034 1613 1062 ut
1639 1027 1815 1073 principia
1843 1038 1991 1060 ovorum
2021 1027 2055 1060 in
2084 1039 2144 1061 ex-

377 1090 616 1124 tremitatibus
643 1091 850 1124 tubulorum
878 1090 988 1125 ovarii
1015 1090 1197 1124 minorum
1226 1090 1396 1135 existunt,
1427 1091 1474 1124 ita
1510 1091 1545 1123 in
1572 1089 1853 1123 extremitatibus
1881 1088 2009 1122 horum
2038 1101 2144 1123 cana-

376 1152 463 1185 lium
491 1152 527 1185 in
553 1152 786 1186 vesicularum
815 1151 965 1187 modum
987 1151 1140 1187 dilatatis
1165 1159 1368 1186 secernatur
1395 1158 1502 1198 atque
1530 1151 1784 1194 accumuletur,
1810 1162 1924 1196 usque
1948 1149 2033 1184 dum
2050 1162 2143 1196 pene

377 1212 548 1246 eiiciatur.
577 1232 618 1237 —
648 1213 773 1247 Paucis
800 1212 912 1247 modo
940 1213 978 1246 in
1004 1213 1218 1248 animalibus
1244 1214 1307 1247 has
1331 1221 1449 1261 partes
1476 1215 1684 1261 perquirere
1711 1212 1801 1246 mihi
1827 1212 1945 1257 licuit,
1986 1223 2052 1246 nec
2078 1212 2145 1246 nisi

376 1274 413 1307 in
441 1274 526 1318 illis?
554 1274 616 1320 qui
644 1274 780 1308 iamdiu
804 1275 842 1308 in
866 1274 994 1321 spiritu
1019 1275 1092 1309 vini
1120 1282 1328 1309 conservata
1356 1282 1466 1309 erant.
1531 1274 1619 1308 Fieri
1643 1281 1780 1322 potest,
1813 1281 1853 1309 ut
1878 1275 2082 1309 recentibus
2108 1275 2145 1309 in

375 1337 589 1371 animalibus
615 1337 682 1371 hae
706 1343 825 1384 partes
853 1337 978 1371 melius
1003 1337 1182 1371 observari
1209 1337 1347 1384 possint
1372 1343 1406 1371 et
1433 1344 1529 1371 certo
1557 1337 1641 1370 anni
1668 1343 1832 1383 tempore
1860 1336 2014 1369 maiores
2041 1348 2145 1382 repe-

374 1398 518 1431 riantur.
574 1396 738 1431 Ceterum
766 1398 850 1444 quia
877 1398 1109 1431 membranae
1138 1398 1295 1433 intestini
1331 1400 1417 1434 recti
1453 1400 1491 1434 in
1519 1406 1676 1433 extremo
1712 1399 1873 1445 corporis
1899 1399 2032 1432 annulo
2061 1410 2143 1432 cum

376 1459 501 1493 ceteris
530 1460 691 1506 partibus
717 1466 811 1494 arcte
839 1472 1020 1494 connexae
1047 1467 1151 1505 sunt9
1187 1467 1222 1494 et
1247 1473 1353 1508 saepe
1378 1468 1454 1496 tota
1481 1468 1657 1496 extremae
1682 1461 1792 1508 partis
1815 1459 2021 1495 abdominis
2048 1460 2144 1494 eavi-

373 1527 427 1555 tas
453 1521 623 1567 sanguine
650 1521 834 1567 coagulato
854 1521 988 1567 repleta
1007 1527 1070 1566 est,
1095 1522 1310 1569 plerumque
1328 1523 1396 1557 hae
1415 1529 1533 1570 partes
1561 1523 1656 1557 nullo
1675 1522 1785 1556 modo
1805 1521 1966 1569 perquiri
1983 1527 2143 1568 possunt.

472 1583 623 1616 Maxime
645 1594 665 1616 a
691 1582 831 1628 formis,
856 1594 944 1629 quas
966 1582 1034 1616 hae
1059 1589 1177 1629 partes
1204 1584 1280 1618 aliis
1306 1584 1342 1617 in
1369 1582 1564 1617 Crustaceis
1587 1584 1730 1628 ineunt,
1756 1589 1791 1616 et
1813 1582 1898 1617 situs
1924 1582 2085 1629 pcnium,
2111 1587 2146 1615 et

374 1645 489 1678 forma
516 1644 783 1678 filamentorum
810 1645 1046 1690 internorum,
1074 1657 1167 1691 quae
1195 1658 1270 1679 non
1297 1645 1436 1679 arboris
1462 1645 1499 1678 in
1526 1644 1677 1678 modum
1704 1656 1856 1689 ramosa,
1882 1651 1922 1678 ut
1943 1643 2057 1677 tubuli
2076 1643 2144 1677 mi-

376 1718 482 1740 nores
511 1706 641 1751 orarii5
676 1705 739 1739 sed
765 1706 885 1740 multis
910 1705 1029 1740 modis
1055 1707 1149 1740 inter
1174 1718 1210 1740 se
1238 1707 1447 1751 coniuncta,
1482 1706 1583 1752 quasi
1615 1706 1753 1753 plagam
1783 1704 1963 1752 quandam
1992 1717 2145 1750 compo-

376 1774 478 1811 nunt,
502 1767 629 1802 dissert.
681 1768 795 1802 Minus
818 1768 948 1802 mirum
977 1779 1051 1802 esse
1077 1767 1236 1813 videtur,
1271 1768 1438 1815 genitalia
1469 1768 1663 1802 masculina
1698 1779 1778 1801 cum
1806 1767 1969 1801 femineis
1995 1777 2143 1812 compa-

375 1836 450 1863 rata
480 1836 552 1863 tam
587 1841 695 1876 parva
720 1841 819 1874 esse,
856 1841 967 1876 quum
1003 1829 1046 1863 iis
1069 1842 1218 1876 quoque
1251 1830 1288 1863 in
1316 1828 1538 1874 Crustacess,
1571 1841 1726 1875 quorum
1754 1829 1889 1875 singula
1916 1834 1975 1862 aut
2000 1827 2144 1861 feminei

379 1897 439 1925 aut
465 1891 651 1925 masculini
678 1891 817 1939 generis
843 1898 943 1937 sunt,
976 1903 1092 1925 mares
1118 1903 1223 1937 saepe
1260 1891 1400 1925 feminis
1433 1892 1545 1925 multo
1574 1891 1733 1925 minores
1760 1891 1996 1937 reperiuntur.
2056 1889 2144 1922 Her-

376 1952 598 2000 maphroditi
628 1953 734 2000 igitur
759 1952 904 1999 Apodes
930 1965 1004 1986 esse
1031 1952 1218 1998 videntur,
1253 1953 1315 1999 qui
1343 1954 1436 1987 inter
1462 1965 1498 1987 se
1529 1953 1666 1987 vicibus
1701 1959 1854 1997 coeunt,
1886 1964 1997 1985 unum
2025 1957 2143 1985 autem

375 2015 508 2048 coitum
537 2014 782 2060 compluribus
808 2014 977 2060 stirpibus
1002 2013 1212 2060 satisfacere,
1239 2015 1491 2061 experimentis
1517 2013 2031 2049 demonstravitSchaesser.
2060 2010 2144 2045 Coi-

373 2082 448 2109 tum
477 2076 593 2122 ipsum
623 2087 821 2121 numquam
850 2075 1037 2109 observare
1065 2077 1179 2122 potui,
1206 2083 1240 2111 et
1267 2076 1400 2111 idcirco
1429 2075 1573 2111 difficile
1601 2089 1681 2109 eum
1712 2075 1891 2110 observari
1914 2086 2018 2121 posse
2041 2080 2143 2127 puto³

377 2138 461 2182 quia
485 2136 659 2184 quamdiu
686 2137 853 2171 animalia
878 2135 1000 2182 vigent
1024 2138 1235 2184 valentque,
1267 2151 1410 2185 semper
1437 2138 1506 2172 lato
1533 2137 1648 2184 capite
1682 2144 1716 2171 et
1744 2137 1897 2184 pedibus
1923 2136 2046 2169 limum
2071 2136 2143 2169 suf-

377 2196 518 2232 fodiunt
544 2206 577 2233 et
600 2210 731 2245 aquam
758 2198 987 2233 circumcirca
1012 2199 1169 2234 turbant.
