<?xml version="1.0" encoding="UTF-8"?>
<!DOCTYPE html PUBLIC "-//W3C//DTD XHTML 1.0 Transitional//EN"
    "http://www.w3.org/TR/xhtml1/DTD/xhtml1-transitional.dtd">
<html xmlns="http://www.w3.org/1999/xhtml" xml:lang="en" lang="en">
 <head>
  <title>
</title>
<meta http-equiv="Content-Type" content="text/html;charset=utf-8" />
  <meta name='ocr-system' content='tesseract 3.04.00' />
  <meta name='ocr-capabilities' content='ocr_page ocr_carea ocr_par ocr_line ocrx_word'/>
</head>
<body>
  <div class='ocr_page' id='page_1' title='image "./deapodiscancrifo00zadd_0047.png"; bbox 0 0 2419 2972; ppageno 0'>
   <div class='ocr_carea' id='block_1_1' title="bbox 1037 325 1283 363">
    <p class='ocr_par' dir='ltr' id='par_1_1' title="bbox 1037 325 1283 363">
     <span class='ocr_line' id='line_1_1' title="bbox 1037 325 1283 363; baseline 0.008 -14"><span class='ocrx_word' id='word_1_1' title='bbox 1037 325 1283 363; x_wconf 64' lang='lat'>„35-</span> 
     </span>
    </p>
   </div>
   <div class='ocr_carea' id='block_1_2' title="bbox 277 420 2051 1089">
    <p class='ocr_par' dir='ltr' id='par_1_2' title="bbox 277 420 2051 1089">
     <span class='ocr_line' id='line_1_2' title="bbox 290 420 2051 471; baseline -0.003 -7"><span class='ocrx_word' id='word_1_2' title='bbox 290 430 437 464; x_wconf 86' lang='lat' dir='ltr'>illustrat</span> <span class='ocrx_word' id='word_1_3' title='bbox 461 424 924 462; x_wconf 87' lang='lat' dir='ltr'>Straus-Duerkheim</span> <span class='ocrx_word' id='word_1_4' title='bbox 944 424 1003 464; x_wconf 83' lang='lat'>*)).</span> <span class='ocrx_word' id='word_1_5' title='bbox 1031 420 1069 456; x_wconf 89' lang='lat' dir='ltr'>ld</span> <span class='ocrx_word' id='word_1_6' title='bbox 1083 430 1201 457; x_wconf 84' lang='lat' dir='ltr'>autem</span> <span class='ocrx_word' id='word_1_7' title='bbox 1219 423 1312 457; x_wconf 87' lang='lat' dir='ltr'>inter</span> <span class='ocrx_word' id='word_1_8' title='bbox 1323 422 1458 470; x_wconf 85' lang='lat' dir='ltr'>Apodis</span> <span class='ocrx_word' id='word_1_9' title='bbox 1481 426 1749 461; x_wconf 87' lang='lat' dir='ltr'>etlnsectorum</span> <span class='ocrx_word' id='word_1_10' title='bbox 1776 424 1957 471; x_wconf 85' lang='lat' dir='ltr'>sanguinis</span> <span class='ocrx_word' id='word_1_11' title='bbox 1980 424 2051 459; x_wconf 88' lang='lat' dir='ltr'>cir-</span> 
     </span>
     <span class='ocr_line' id='line_1_3' title="bbox 283 484 2049 533; baseline -0.003 -9"><span class='ocrx_word' id='word_1_12' title='bbox 283 491 417 525; x_wconf 90' lang='lat' dir='ltr'>cuitum</span> <span class='ocrx_word' id='word_1_13' title='bbox 445 490 598 523; x_wconf 81' lang='lat' dir='ltr'>maxime</span> <span class='ocrx_word' id='word_1_14' title='bbox 625 488 782 531; x_wconf 77' lang='lat' dir='ltr'>interest,</span> <span class='ocrx_word' id='word_1_15' title='bbox 809 485 910 533; x_wconf 89' lang='lat' dir='ltr'>quod</span> <span class='ocrx_word' id='word_1_16' title='bbox 938 485 973 519; x_wconf 89' lang='lat' dir='ltr'>in</span> <span class='ocrx_word' id='word_1_17' title='bbox 1000 485 1059 519; x_wconf 92' lang='lat' dir='ltr'>illo</span> <span class='ocrx_word' id='word_1_18' title='bbox 1087 484 1297 519; x_wconf 88' lang='lat' dir='ltr'>membrana</span> <span class='ocrx_word' id='word_1_19' title='bbox 1322 486 1466 520; x_wconf 80' lang='lat' dir='ltr'>tenuior</span> <span class='ocrx_word' id='word_1_20' title='bbox 1484 486 1627 521; x_wconf 88' lang='lat' dir='ltr'>lacinias</span> <span class='ocrx_word' id='word_1_21' title='bbox 1645 486 1958 521; x_wconf 86' lang='lat' dir='ltr'>illas·musculares</span> <span class='ocrx_word' id='word_1_22' title='bbox 1981 485 2049 519; x_wconf 90' lang='lat' dir='ltr'>ob-</span> 
     </span>
     <span class='ocr_line' id='line_1_4' title="bbox 283 546 2049 599; baseline -0.003 -13"><span class='ocrx_word' id='word_1_23' title='bbox 283 560 404 599; x_wconf 81' lang='lat' dir='ltr'>tegens</span> <span class='ocrx_word' id='word_1_24' title='bbox 431 550 637 586; x_wconf 85' lang='lat' dir='ltr'>abdominis</span> <span class='ocrx_word' id='word_1_25' title='bbox 664 549 848 584; x_wconf 75' lang='lat' dir='ltr'><strong>cavitatem</strong></span> <span class='ocrx_word' id='word_1_26' title='bbox 878 547 914 582; x_wconf 91' lang='lat' dir='ltr'>in</span> <span class='ocrx_word' id='word_1_27' title='bbox 942 546 1163 594; x_wconf 86' lang='lat' dir='ltr'>superiorem</span> <span class='ocrx_word' id='word_1_28' title='bbox 1198 553 1233 580; x_wconf 86' lang='lat' dir='ltr'>et</span> <span class='ocrx_word' id='word_1_29' title='bbox 1263 546 1468 581; x_wconf 88' lang='lat' dir='ltr'>inferiorem</span> <span class='ocrx_word' id='word_1_30' title='bbox 1496 546 1634 582; x_wconf 79' lang='lat' dir='ltr'>dividit.</span> <span class='ocrx_word' id='word_1_31' title='bbox 1696 547 1784 582; x_wconf 88' lang='lat' dir='ltr'>Nam</span> <span class='ocrx_word' id='word_1_32' title='bbox 1810 559 1876 594; x_wconf 87' lang='lat' dir='ltr'>per</span> <span class='ocrx_word' id='word_1_33' title='bbox 1901 546 2049 580; x_wconf 90' lang='lat' dir='ltr'>inferio-</span> 
     </span>
     <span class='ocr_line' id='line_1_5' title="bbox 282 606 2049 655; baseline -0.003 -7"><span class='ocrx_word' id='word_1_34' title='bbox 282 625 357 647; x_wconf 88' lang='lat' dir='ltr'>rem</span> <span class='ocrx_word' id='word_1_35' title='bbox 386 612 591 647; x_wconf 83' lang='lat' dir='ltr'>abdominis</span> <span class='ocrx_word' id='word_1_36' title='bbox 617 610 800 645; x_wconf 85' lang='lat' dir='ltr'>cavitatem</span> <span class='ocrx_word' id='word_1_37' title='bbox 827 608 968 655; x_wconf 78' lang='lat' dir='ltr'>sanguis</span> <span class='ocrx_word' id='word_1_38' title='bbox 994 614 1034 642; x_wconf 89' lang='lat' dir='ltr'>ut</span> <span class='ocrx_word' id='word_1_39' title='bbox 1060 619 1124 654; x_wconf 88' lang='lat' dir='ltr'>per</span> <span class='ocrx_word' id='word_1_40' title='bbox 1149 606 1331 641; x_wconf 83' lang='lat' dir='ltr'>abdomen</span> <span class='ocrx_word' id='word_1_41' title='bbox 1358 608 1576 641; x_wconf 86' lang='lat' dir='ltr'>Insectorum</span> <span class='ocrx_word' id='word_1_42' title='bbox 1604 608 1716 642; x_wconf 89' lang='lat' dir='ltr'>libere</span> <span class='ocrx_word' id='word_1_43' title='bbox 1743 614 1777 642; x_wconf 89' lang='lat' dir='ltr'>et</span> <span class='ocrx_word' id='word_1_44' title='bbox 1799 608 1875 642; x_wconf 85' lang='lat' dir='ltr'>sine</span> <span class='ocrx_word' id='word_1_45' title='bbox 1900 609 2049 642; x_wconf 77' lang='lat' dir='ltr'>vasculis</span> 
     </span>
     <span class='ocr_line' id='line_1_6' title="bbox 281 668 2049 721; baseline -0.003 -12"><span class='ocrx_word' id='word_1_46' title='bbox 281 686 300 709; x_wconf 90' lang='lat' dir='ltr'>a</span> <span class='ocrx_word' id='word_1_47' title='bbox 326 681 427 721; x_wconf 86' lang='lat' dir='ltr'>parte</span> <span class='ocrx_word' id='word_1_48' title='bbox 454 673 631 707; x_wconf 88' lang='lat' dir='ltr'>anteriore</span> <span class='ocrx_word' id='word_1_49' title='bbox 657 670 702 705; x_wconf 90' lang='lat' dir='ltr'>ad</span> <span class='ocrx_word' id='word_1_50' title='bbox 729 670 966 717; x_wconf 80' lang='lat' dir='ltr'>posteriorem</span> <span class='ocrx_word' id='word_1_51' title='bbox 992 681 1032 703; x_wconf 83' lang='lat' dir='ltr'>ex</span> <span class='ocrx_word' id='word_1_52' title='bbox 1051 675 1207 716; x_wconf 86' lang='lat' dir='ltr'>utroque</span> <span class='ocrx_word' id='word_1_53' title='bbox 1236 669 1394 703; x_wconf 87' lang='lat' dir='ltr'>intestini</span> <span class='ocrx_word' id='word_1_54' title='bbox 1420 668 1529 703; x_wconf 87' lang='lat' dir='ltr'>latere</span> <span class='ocrx_word' id='word_1_55' title='bbox 1556 669 1644 714; x_wconf 76' lang='lat' dir='ltr'>fluit,</span> <span class='ocrx_word' id='word_1_56' title='bbox 1672 681 1738 704; x_wconf 92' lang='lat' dir='ltr'>nec</span> <span class='ocrx_word' id='word_1_57' title='bbox 1766 669 1833 703; x_wconf 91' lang='lat' dir='ltr'>nisi</span> <span class='ocrx_word' id='word_1_58' title='bbox 1858 669 1914 703; x_wconf 91' lang='lat' dir='ltr'>illa</span> <span class='ocrx_word' id='word_1_59' title='bbox 1932 681 2049 704; x_wconf 88' lang='lat' dir='ltr'>mem-</span> 
     </span>
     <span class='ocr_line' id='line_1_7' title="bbox 280 729 2049 781; baseline -0.002 -12"><span class='ocrx_word' id='word_1_60' title='bbox 280 736 391 770; x_wconf 86' lang='lat' dir='ltr'>brana</span> <span class='ocrx_word' id='word_1_61' title='bbox 418 733 623 781; x_wconf 80' lang='lat' dir='ltr'>impeditur,</span> <span class='ocrx_word' id='word_1_62' title='bbox 645 732 840 780; x_wconf 88' lang='lat' dir='ltr'>quominus</span> <span class='ocrx_word' id='word_1_63' title='bbox 867 732 937 766; x_wconf 91' lang='lat' dir='ltr'>iam</span> <span class='ocrx_word' id='word_1_64' title='bbox 965 731 1036 765; x_wconf 87' lang='lat' dir='ltr'>hoe</span> <span class='ocrx_word' id='word_1_65' title='bbox 1059 731 1096 765; x_wconf 91' lang='lat' dir='ltr'>in</span> <span class='ocrx_word' id='word_1_66' title='bbox 1116 743 1220 765; x_wconf 88' lang='lat' dir='ltr'>cursu</span> <span class='ocrx_word' id='word_1_67' title='bbox 1246 730 1292 765; x_wconf 93' lang='lat' dir='ltr'>ad</span> <span class='ocrx_word' id='word_1_68' title='bbox 1315 743 1378 765; x_wconf 88' lang='lat' dir='ltr'>cor</span> <span class='ocrx_word' id='word_1_69' title='bbox 1404 731 1520 778; x_wconf 88' lang='lat' dir='ltr'>ipsum</span> <span class='ocrx_word' id='word_1_70' title='bbox 1547 731 1737 774; x_wconf 73' lang='lat' dir='ltr'>veniat*·⁴&#39;‘).</span> <span class='ocrx_word' id='word_1_71' title='bbox 1774 729 1939 766; x_wconf 87' lang='lat' dir='ltr'>Ceterum</span> <span class='ocrx_word' id='word_1_72' title='bbox 1967 744 2049 766; x_wconf 85' lang='lat' dir='ltr'>san-</span> 
     </span>
     <span class='ocr_line' id='line_1_8' title="bbox 279 792 2048 844; baseline -0.002 -13"><span class='ocrx_word' id='word_1_73' title='bbox 279 797 396 844; x_wconf 75' lang='lat' dir='ltr'>guinis</span> <span class='ocrx_word' id='word_1_74' title='bbox 422 797 458 830; x_wconf 93' lang='lat' dir='ltr'>in</span> <span class='ocrx_word' id='word_1_75' title='bbox 485 795 663 829; x_wconf 87' lang='lat' dir='ltr'>anteriore</span> <span class='ocrx_word' id='word_1_76' title='bbox 689 794 852 841; x_wconf 84' lang='lat' dir='ltr'>corporis</span> <span class='ocrx_word' id='word_1_77' title='bbox 877 800 978 841; x_wconf 87' lang='lat' dir='ltr'>parte</span> <span class='ocrx_word' id='word_1_78' title='bbox 1005 792 1142 840; x_wconf 86' lang='lat' dir='ltr'>Apodis</span> <span class='ocrx_word' id='word_1_79' title='bbox 1170 792 1338 827; x_wconf 86' lang='lat' dir='ltr'>circuitus</span> <span class='ocrx_word' id='word_1_80' title='bbox 1364 804 1508 839; x_wconf 86' lang='lat' dir='ltr'>prorsus</span> <span class='ocrx_word' id='word_1_81' title='bbox 1535 804 1616 827; x_wconf 86' lang='lat' dir='ltr'>cum</span> <span class='ocrx_word' id='word_1_82' title='bbox 1644 805 1686 826; x_wconf 86' lang='lat' dir='ltr'>eo</span> <span class='ocrx_word' id='word_1_83' title='bbox 1716 793 1902 839; x_wconf 80' lang='lat' dir='ltr'>convenit,</span> <span class='ocrx_word' id='word_1_84' title='bbox 1939 806 2048 841; x_wconf 83' lang='lat' dir='ltr'>quem</span> 
     </span>
     <span class='ocr_line' id='line_1_9' title="bbox 280 854 2041 905; baseline -0.002 -12"><span class='ocrx_word' id='word_1_85' title='bbox 280 861 315 893; x_wconf 92' lang='lat' dir='ltr'>in</span> <span class='ocrx_word' id='word_1_86' title='bbox 343 859 457 905; x_wconf 87' lang='lat' dir='ltr'>capite</span> <span class='ocrx_word' id='word_1_87' title='bbox 492 856 677 905; x_wconf 77' lang='lat' dir='ltr'>Agrionis</span> <span class='ocrx_word' id='word_1_88' title='bbox 708 855 858 891; x_wconf 80' lang='lat' dir='ltr'>Puellae</span> <span class='ocrx_word' id='word_1_89' title='bbox 890 856 938 890; x_wconf 89' lang='lat' dir='ltr'>lll.</span> <span class='ocrx_word' id='word_1_90' title='bbox 973 854 1180 902; x_wconf 67' lang='lat' dir='ltr'>Wagner,</span> <span class='ocrx_word' id='word_1_91' title='bbox 1224 861 1259 889; x_wconf 88' lang='lat' dir='ltr'>et</span> <span class='ocrx_word' id='word_1_92' title='bbox 1296 854 1476 901; x_wconf 82' lang='lat' dir='ltr'>sanguinis</span> <span class='ocrx_word' id='word_1_93' title='bbox 1513 854 1578 888; x_wconf 84' lang='lat' dir='ltr'>sub</span> <span class='ocrx_word' id='word_1_94' title='bbox 1613 860 1701 888; x_wconf 81' lang='lat' dir='ltr'>testa</span> <span class='ocrx_word' id='word_1_95' title='bbox 1730 854 2041 901; x_wconf 85' lang='lat' dir='ltr'>cephalothoraeis</span> 
     </span>
     <span class='ocr_line' id='line_1_10' title="bbox 279 915 2049 967; baseline -0.001 -13"><span class='ocrx_word' id='word_1_96' title='bbox 279 919 413 967; x_wconf 82' lang='lat' dir='ltr'>Apodis</span> <span class='ocrx_word' id='word_1_97' title='bbox 440 931 561 953; x_wconf 83' lang='lat' dir='ltr'>cursus</span> <span class='ocrx_word' id='word_1_98' title='bbox 588 921 642 959; x_wconf 86' lang='lat' dir='ltr'>(cf.</span> <span class='ocrx_word' id='word_1_99' title='bbox 677 917 823 954; x_wconf 83' lang='lat' dir='ltr'>Tah.ll.</span> <span class='ocrx_word' id='word_1_100' title='bbox 850 916 1110 965; x_wconf 76' lang='lat' dir='ltr'>Fig.XJI.A.)</span> <span class='ocrx_word' id='word_1_101' title='bbox 1146 928 1291 963; x_wconf 85' lang='lat' dir='ltr'>prorsus</span> <span class='ocrx_word' id='word_1_102' title='bbox 1324 915 1419 950; x_wconf 89' lang='lat' dir='ltr'>idem</span> <span class='ocrx_word' id='word_1_103' title='bbox 1448 922 1518 961; x_wconf 72' lang='lat' dir='ltr'>est,</span> <span class='ocrx_word' id='word_1_104' title='bbox 1551 928 1660 962; x_wconf 85' lang='lat' dir='ltr'>quem</span> <span class='ocrx_word' id='word_1_105' title='bbox 1688 915 1724 950; x_wconf 89' lang='lat' dir='ltr'>in</span> <span class='ocrx_word' id='word_1_106' title='bbox 1751 917 1896 951; x_wconf 84' lang='lat' dir='ltr'>seutello</span> <span class='ocrx_word' id='word_1_107' title='bbox 1923 917 2049 952; x_wconf 84' lang='lat' dir='ltr'>thora-</span> 
     </span>
     <span class='ocr_line' id='line_1_11' title="bbox 279 976 2048 1030; baseline -0.002 -14"><span class='ocrx_word' id='word_1_108' title='bbox 279 983 354 1017; x_wconf 86' lang='lat' dir='ltr'>eico</span> <span class='ocrx_word' id='word_1_109' title='bbox 381 980 619 1030; x_wconf 77' lang='lat' dir='ltr'>Lampyridis</span> <span class='ocrx_word' id='word_1_110' title='bbox 641 980 896 1028; x_wconf 77' lang='lat' dir='ltr'>splendidulae</span> <span class='ocrx_word' id='word_1_111' title='bbox 923 978 1125 1013; x_wconf 71' lang='lat' dir='ltr'>observavit</span> <span class='ocrx_word' id='word_1_112' title='bbox 1151 977 1199 1011; x_wconf 88' lang='lat' dir='ltr'>Ill.</span> <span class='ocrx_word' id='word_1_113' title='bbox 1230 976 1380 1011; x_wconf 86' lang='lat' dir='ltr'>Carus.</span> <span class='ocrx_word' id='word_1_114' title='bbox 1436 976 1600 1022; x_wconf 86' lang='lat' dir='ltr'>Denique</span> <span class='ocrx_word' id='word_1_115' title='bbox 1628 976 1797 1010; x_wconf 86' lang='lat' dir='ltr'>circuitus</span> <span class='ocrx_word' id='word_1_116' title='bbox 1819 988 1884 1023; x_wconf 86' lang='lat' dir='ltr'>per</span> <span class='ocrx_word' id='word_1_117' title='bbox 1909 985 2048 1013; x_wconf 89' lang='lat' dir='ltr'>scutum</span> 
     </span>
     <span class='ocr_line' id='line_1_12' title="bbox 277 1036 2048 1089; baseline -0.002 -12"><span class='ocrx_word' id='word_1_118' title='bbox 277 1042 411 1089; x_wconf 86' lang='lat' dir='ltr'>Apodis</span> <span class='ocrx_word' id='word_1_119' title='bbox 437 1055 517 1077; x_wconf 88' lang='lat' dir='ltr'>cum</span> <span class='ocrx_word' id='word_1_120' title='bbox 546 1043 605 1076; x_wconf 89' lang='lat' dir='ltr'>illo</span> <span class='ocrx_word' id='word_1_121' title='bbox 632 1041 811 1088; x_wconf 79' lang='lat' dir='ltr'>sanguinis</span> <span class='ocrx_word' id='word_1_122' title='bbox 834 1041 984 1075; x_wconf 87' lang='lat' dir='ltr'>circuitu</span> <span class='ocrx_word' id='word_1_123' title='bbox 1008 1040 1079 1074; x_wconf 88' lang='lat' dir='ltr'>hoe</span> <span class='ocrx_word' id='word_1_124' title='bbox 1105 1051 1124 1074; x_wconf 86' lang='lat' dir='ltr'>a</span> <span class='ocrx_word' id='word_1_125' title='bbox 1150 1040 1324 1086; x_wconf 84' lang='lat' dir='ltr'>scriptore</span> <span class='ocrx_word' id='word_1_126' title='bbox 1353 1039 1390 1072; x_wconf 92' lang='lat' dir='ltr'>in</span> <span class='ocrx_word' id='word_1_127' title='bbox 1417 1037 1479 1072; x_wconf 86' lang='lat' dir='ltr'>alis</span> <span class='ocrx_word' id='word_1_128' title='bbox 1506 1037 1724 1072; x_wconf 87' lang='lat' dir='ltr'>Insectorum</span> <span class='ocrx_word' id='word_1_129' title='bbox 1754 1036 1921 1085; x_wconf 74' lang='lat' dir='ltr'>detecto,</span> <span class='ocrx_word' id='word_1_130' title='bbox 1955 1052 2048 1086; x_wconf 88' lang='lat' dir='ltr'>quae</span> 
     </span>
    </p>
   </div>
   <div class='ocr_carea' id='block_1_3' title="bbox 278 1100 1460 1148">
    <p class='ocr_par' dir='ltr' id='par_1_3' title="bbox 278 1100 1460 1148">
     <span class='ocr_line' id='line_1_13' title="bbox 278 1100 1460 1148; baseline -0.004 -10"><span class='ocrx_word' id='word_1_131' title='bbox 278 1105 474 1139; x_wconf 77' lang='lat' dir='ltr'>branchiae</span> <span class='ocrx_word' id='word_1_132' title='bbox 502 1110 742 1138; x_wconf 82' lang='lat' dir='ltr'>commutatae</span> <span class='ocrx_word' id='word_1_133' title='bbox 769 1102 959 1138; x_wconf 82' lang='lat' dir='ltr'>habendae</span> <span class='ocrx_word' id='word_1_134' title='bbox 986 1109 1079 1147; x_wconf 76' lang='lat' dir='ltr'>sunt,</span> <span class='ocrx_word' id='word_1_135' title='bbox 1103 1100 1303 1148; x_wconf 85' lang='lat' dir='ltr'>comparari</span> <span class='ocrx_word' id='word_1_136' title='bbox 1330 1105 1460 1147; x_wconf 85' lang='lat' dir='ltr'>potest.</span> 
     </span>
    </p>
   </div>
   <div class='ocr_carea' id='block_1_4' title="bbox 763 1412 1571 1450">
    <p class='ocr_par' dir='ltr' id='par_1_4' title="bbox 763 1412 1571 1450">
     <span class='ocr_line' id='line_1_14' title="bbox 763 1412 1571 1450; baseline -0.007 -6"><span class='ocrx_word' id='word_1_137' title='bbox 763 1412 1087 1450; x_wconf 74' lang='lat' dir='ltr'>systema</span> <span class='ocrx_word' id='word_1_138' title='bbox 1169 1417 1571 1440; x_wconf 69' lang='lat' dir='ltr'>nervorum.</span> 
     </span>
    </p>
   </div>
   <div class='ocr_carea' id='block_1_5' title="bbox 794 1494 1545 1530">
    <p class='ocr_par' dir='ltr' id='par_1_5' title="bbox 794 1494 1545 1530">
     <span class='ocr_line' id='line_1_15' title="bbox 794 1494 1545 1530; baseline -0.007 -7"><span class='ocrx_word' id='word_1_139' title='bbox 794 1499 851 1526; x_wconf 70' lang='lat' dir='ltr'>Tah,</span> <span class='ocrx_word' id='word_1_140' title='bbox 872 1498 922 1523; x_wconf 84' lang='lat'><em>111.</em></span> <span class='ocrx_word' id='word_1_141' title='bbox 946 1498 996 1530; x_wconf 68' lang='lat' dir='ltr'>Fiy.</span> <span class='ocrx_word' id='word_1_142' title='bbox 1018 1496 1113 1522; x_wconf 73' lang='lat'><em>1-1&#39;1.</em></span> <span class='ocrx_word' id='word_1_143' title='bbox 1157 1496 1211 1521; x_wconf 73' lang='lat' dir='ltr'>Tab.</span> <span class='ocrx_word' id='word_1_144' title='bbox 1232 1496 1266 1521; x_wconf 85' lang='lat'>11.</span> <span class='ocrx_word' id='word_1_145' title='bbox 1288 1496 1340 1529; x_wconf 66' lang='lat' dir='ltr'>Fiy.</span> <span class='ocrx_word' id='word_1_146' title='bbox 1362 1494 1545 1519; x_wconf 56' lang='lat' dir='ltr'>XIX-‚itur</span> 
     </span>
    </p>
   </div>
   <div class='ocr_carea' id='block_1_6' title="bbox 270 1592 2045 2261">
    <p class='ocr_par' dir='ltr' id='par_1_6' title="bbox 270 1592 2045 2261">
     <span class='ocr_line' id='line_1_16' title="bbox 372 1592 2045 1644; baseline -0.004 -13"><span class='ocrx_word' id='word_1_147' title='bbox 372 1602 400 1638; x_wconf 86' lang='lat'>§.</span> <span class='ocrx_word' id='word_1_148' title='bbox 428 1601 486 1633; x_wconf 67' lang='lat'>25.</span> <span class='ocrx_word' id='word_1_149' title='bbox 539 1599 697 1644; x_wconf 72' lang='lat' dir='ltr'>Systema</span> <span class='ocrx_word' id='word_1_150' title='bbox 726 1609 895 1631; x_wconf 83' lang='lat' dir='ltr'>nerveum</span> <span class='ocrx_word' id='word_1_151' title='bbox 922 1595 1058 1643; x_wconf 80' lang='lat' dir='ltr'>Apodis</span> <span class='ocrx_word' id='word_1_152' title='bbox 1092 1608 1111 1630; x_wconf 85' lang='lat' dir='ltr'>a</span> <span class='ocrx_word' id='word_1_153' title='bbox 1138 1595 1392 1642; x_wconf 75' lang='lat' dir='ltr'>scriptoribus,</span> <span class='ocrx_word' id='word_1_154' title='bbox 1427 1594 1489 1641; x_wconf 79' lang='lat' dir='ltr'>qui</span> <span class='ocrx_word' id='word_1_155' title='bbox 1517 1593 1718 1627; x_wconf 84' lang='lat' dir='ltr'>anatomiae</span> <span class='ocrx_word' id='word_1_156' title='bbox 1745 1592 1854 1627; x_wconf 90' lang='lat' dir='ltr'>huius</span> <span class='ocrx_word' id='word_1_157' title='bbox 1883 1592 2045 1626; x_wconf 85' lang='lat' dir='ltr'>animalis</span> 
     </span>
     <span class='ocr_line' id='line_1_17' title="bbox 274 1655 2044 1705; baseline -0.002 -13"><span class='ocrx_word' id='word_1_158' title='bbox 274 1672 421 1705; x_wconf 82' lang='lat' dir='ltr'>operam</span> <span class='ocrx_word' id='word_1_159' title='bbox 449 1658 650 1705; x_wconf 68' lang='lat' dir='ltr'>dederunt,</span> <span class='ocrx_word' id='word_1_160' title='bbox 688 1659 811 1693; x_wconf 86' lang='lat' dir='ltr'>leviter</span> <span class='ocrx_word' id='word_1_161' title='bbox 842 1665 980 1692; x_wconf 85' lang='lat' dir='ltr'>tantuin</span> <span class='ocrx_word' id='word_1_162' title='bbox 1020 1656 1272 1691; x_wconf 84' lang='lat' dir='ltr'>adumbratum</span> <span class='ocrx_word' id='word_1_163' title='bbox 1310 1663 1371 1691; x_wconf 87' lang='lat' dir='ltr'>est.</span> <span class='ocrx_word' id='word_1_164' title='bbox 1435 1655 1589 1691; x_wconf 78' lang='lat' dir='ltr'>Cuvicr</span> <span class='ocrx_word' id='word_1_165' title='bbox 1611 1655 1677 1696; x_wconf 58' lang='grc' dir='ltr'>Ητ*)</span> <span class='ocrx_word' id='word_1_166' title='bbox 1712 1655 1936 1689; x_wconf 85' lang='lat' dir='ltr'>mentionem</span> <span class='ocrx_word' id='word_1_167' title='bbox 1969 1655 2044 1689; x_wconf 83' lang='lat' dir='ltr'>eius</span> 
     </span>
     <span class='ocr_line' id='line_1_18' title="bbox 276 1716 2045 1766; baseline -0.003 -11"><span class='ocrx_word' id='word_1_168' title='bbox 276 1722 408 1756; x_wconf 74' lang='lat' dir='ltr'>faciens</span> <span class='ocrx_word' id='word_1_169' title='bbox 436 1733 561 1755; x_wconf 76' lang='lat' dir='ltr'>nervos</span> <span class='ocrx_word' id='word_1_170' title='bbox 588 1728 659 1755; x_wconf 84' lang='lat' dir='ltr'>tam</span> <span class='ocrx_word' id='word_1_171' title='bbox 686 1728 812 1755; x_wconf 87' lang='lat' dir='ltr'>tenues</span> <span class='ocrx_word' id='word_1_172' title='bbox 841 1733 881 1754; x_wconf 88' lang='lat' dir='ltr'>ac</span> <span class='ocrx_word' id='word_1_173' title='bbox 907 1719 1106 1766; x_wconf 85' lang='lat' dir='ltr'>pellucidos</span> <span class='ocrx_word' id='word_1_174' title='bbox 1134 1730 1208 1752; x_wconf 83' lang='lat' dir='ltr'>esse</span> <span class='ocrx_word' id='word_1_175' title='bbox 1236 1717 1342 1763; x_wconf 74' lang='lat' dir='ltr'>dicii,</span> <span class='ocrx_word' id='word_1_176' title='bbox 1374 1724 1413 1752; x_wconf 91' lang='lat' dir='ltr'>ut</span> <span class='ocrx_word' id='word_1_177' title='bbox 1440 1717 1495 1751; x_wconf 71' lang='lat' dir='ltr'>vix</span> <span class='ocrx_word' id='word_1_178' title='bbox 1518 1716 1563 1750; x_wconf 84' lang='lat' dir='ltr'>de</span> <span class='ocrx_word' id='word_1_179' title='bbox 1590 1716 1737 1762; x_wconf 83' lang='lat' dir='ltr'>propria</span> <span class='ocrx_word' id='word_1_180' title='bbox 1765 1728 1890 1750; x_wconf 86' lang='lat' dir='ltr'>eorum</span> <span class='ocrx_word' id='word_1_181' title='bbox 1919 1722 2045 1750; x_wconf 84' lang='lat' dir='ltr'>natura</span> 
     </span>
     <span class='ocr_line' id='line_1_19' title="bbox 275 1779 2043 1830; baseline -0.003 -13"><span class='ocrx_word' id='word_1_182' title='bbox 275 1784 445 1817; x_wconf 83' lang='lat' dir='ltr'>certiores</span> <span class='ocrx_word' id='word_1_183' title='bbox 471 1784 547 1817; x_wconf 85' lang='lat' dir='ltr'>lieri</span> <span class='ocrx_word' id='word_1_184' title='bbox 579 1783 777 1830; x_wconf 70' lang='lat' dir='ltr'>possimus,</span> <span class='ocrx_word' id='word_1_185' title='bbox 812 1795 883 1829; x_wconf 85' lang='lat' dir='ltr'>qua</span> <span class='ocrx_word' id='word_1_186' title='bbox 910 1795 960 1827; x_wconf 74' lang='lat' dir='ltr'>rc,</span> <span class='ocrx_word' id='word_1_187' title='bbox 986 1782 1062 1816; x_wconf 88' lang='lat' dir='ltr'>aliis</span> <span class='ocrx_word' id='word_1_188' title='bbox 1089 1781 1194 1815; x_wconf 88' lang='lat' dir='ltr'>simul</span> <span class='ocrx_word' id='word_1_189' title='bbox 1221 1781 1383 1827; x_wconf 87' lang='lat' dir='ltr'>corporis</span> <span class='ocrx_word' id='word_1_190' title='bbox 1413 1779 1695 1826; x_wconf 86' lang='lat' dir='ltr'>proprietatibus</span> <span class='ocrx_word' id='word_1_191' title='bbox 1718 1779 1904 1825; x_wconf 69' lang='lat' dir='ltr'>respectis,</span> <span class='ocrx_word' id='word_1_192' title='bbox 1929 1790 2043 1825; x_wconf 86' lang='lat' dir='ltr'>paene</span> 
     </span>
     <span class='ocr_line' id='line_1_20' title="bbox 272 1838 2044 1888; baseline -0.003 -9"><span class='ocrx_word' id='word_1_193' title='bbox 272 1853 312 1879; x_wconf 87' lang='lat' dir='ltr'>ut</span> <span class='ocrx_word' id='word_1_194' title='bbox 334 1845 405 1879; x_wconf 87' lang='lat' dir='ltr'>hoc</span> <span class='ocrx_word' id='word_1_195' title='bbox 432 1845 562 1879; x_wconf 84' lang='lat' dir='ltr'>animal</span> <span class='ocrx_word' id='word_1_196' title='bbox 590 1845 626 1879; x_wconf 94' lang='lat' dir='ltr'>in</span> <span class='ocrx_word' id='word_1_197' title='bbox 656 1844 784 1879; x_wconf 89' lang='lat' dir='ltr'>ordine</span> <span class='ocrx_word' id='word_1_198' title='bbox 811 1844 985 1878; x_wconf 70' lang='lat' dir='ltr'>vermium</span> <span class='ocrx_word' id='word_1_199' title='bbox 1013 1843 1281 1878; x_wconf 65' lang='lat' dir='ltr'>articulatorum</span> <span class='ocrx_word' id='word_1_200' title='bbox 1308 1853 1499 1888; x_wconf 69' lang='lat' dir='ltr'>ponamus7</span> <span class='ocrx_word' id='word_1_201' title='bbox 1526 1841 1726 1874; x_wconf 86' lang='lat' dir='ltr'>incitemur.</span> <span class='ocrx_word' id='word_1_202' title='bbox 1768 1839 1913 1874; x_wconf 80' lang='lat' dir='ltr'>Gaede</span> <span class='ocrx_word' id='word_1_203' title='bbox 1935 1838 2044 1887; x_wconf 80' lang='lat' dir='ltr'>Apo-</span> 
     </span>
     <span class='ocr_line' id='line_1_21' title="bbox 271 1902 2040 1955; baseline -0.004 -13"><span class='ocrx_word' id='word_1_204' title='bbox 271 1907 330 1942; x_wconf 76' lang='lat' dir='ltr'>dis</span> <span class='ocrx_word' id='word_1_205' title='bbox 353 1907 530 1955; x_wconf 77' lang='lat' dir='ltr'>producti</span> <span class='ocrx_word' id='word_1_206' title='bbox 553 1913 587 1941; x_wconf 89' lang='lat' dir='ltr'>et</span> <span class='ocrx_word' id='word_1_207' title='bbox 613 1907 750 1941; x_wconf 88' lang='lat' dir='ltr'>cerebri</span> <span class='ocrx_word' id='word_1_208' title='bbox 783 1913 817 1940; x_wconf 89' lang='lat' dir='ltr'>et</span> <span class='ocrx_word' id='word_1_209' title='bbox 842 1906 1064 1953; x_wconf 78' lang='lat' dir='ltr'>gangliorum</span> <span class='ocrx_word' id='word_1_210' title='bbox 1096 1905 1309 1939; x_wconf 87' lang='lat' dir='ltr'>ventralium</span> <span class='ocrx_word' id='word_1_211' title='bbox 1345 1904 1448 1938; x_wconf 84' lang='lat' dir='ltr'>seriei</span> <span class='ocrx_word' id='word_1_212' title='bbox 1476 1903 1699 1937; x_wconf 88' lang='lat' dir='ltr'>mentionem</span> <span class='ocrx_word' id='word_1_213' title='bbox 1727 1902 1829 1947; x_wconf 77' lang='lat' dir='ltr'>facit,</span> <span class='ocrx_word' id='word_1_214' title='bbox 1865 1913 1931 1936; x_wconf 91' lang='lat' dir='ltr'>nec</span> <span class='ocrx_word' id='word_1_215' title='bbox 1957 1914 2040 1935; x_wconf 85' lang='lat' dir='ltr'>vero</span> 
     </span>
     <span class='ocr_line' id='line_1_22' title="bbox 273 1963 2041 2016; baseline -0.005 -12"><span class='ocrx_word' id='word_1_216' title='bbox 273 1970 470 2004; x_wconf 81' lang='lat' dir='ltr'>accuratius</span> <span class='ocrx_word' id='word_1_217' title='bbox 499 1969 680 2004; x_wconf 85' lang='lat' dir='ltr'>describit.</span> <span class='ocrx_word' id='word_1_218' title='bbox 714 1969 925 2016; x_wconf 77' lang='lat' dir='ltr'>Diligentius</span> <span class='ocrx_word' id='word_1_219' title='bbox 953 1967 1100 2015; x_wconf 87' lang='lat' dir='ltr'>quidem</span> <span class='ocrx_word' id='word_1_220' title='bbox 1125 1974 1279 2014; x_wconf 84' lang='lat' dir='ltr'>systema</span> <span class='ocrx_word' id='word_1_221' title='bbox 1305 1977 1474 2000; x_wconf 87' lang='lat' dir='ltr'>nerveum</span> <span class='ocrx_word' id='word_1_222' title='bbox 1498 1963 1648 2013; x_wconf 74' lang='lat' dir='ltr'>Apoclis</span> <span class='ocrx_word' id='word_1_223' title='bbox 1675 1965 1934 2010; x_wconf 77' lang='lat' dir='ltr'>cancrlformis</span> <span class='ocrx_word' id='word_1_224' title='bbox 1958 1975 2041 2009; x_wconf 85' lang='lat' dir='ltr'>per-</span> 
     </span>
     <span class='ocr_line' id='line_1_23' title="bbox 273 2023 2039 2076; baseline -0.004 -12"><span class='ocrx_word' id='word_1_225' title='bbox 273 2030 415 2075; x_wconf 85' lang='lat' dir='ltr'>quisivit</span> <span class='ocrx_word' id='word_1_226' title='bbox 442 2029 690 2069; x_wconf 62' lang='lat' dir='ltr'>Rei-thom,</span> <span class='ocrx_word' id='word_1_227' title='bbox 724 2036 843 2063; x_wconf 87' lang='lat' dir='ltr'>tamen</span> <span class='ocrx_word' id='word_1_228' title='bbox 882 2041 921 2063; x_wconf 86' lang='lat' dir='ltr'>ea</span> <span class='ocrx_word' id='word_1_229' title='bbox 956 2041 1104 2076; x_wconf 84' lang='lat' dir='ltr'>quoque</span> <span class='ocrx_word' id='word_1_230' title='bbox 1138 2028 1331 2075; x_wconf 87' lang='lat' dir='ltr'>descriptio</span> <span class='ocrx_word' id='word_1_231' title='bbox 1363 2027 1435 2061; x_wconf 84' lang='lat' dir='ltr'>hoe</span> <span class='ocrx_word' id='word_1_232' title='bbox 1467 2038 1486 2060; x_wconf 88' lang='lat' dir='ltr'>a</span> <span class='ocrx_word' id='word_1_233' title='bbox 1518 2026 1713 2060; x_wconf 87' lang='lat' dir='ltr'>clarissimo</span> <span class='ocrx_word' id='word_1_234' title='bbox 1744 2025 1918 2072; x_wconf 86' lang='lat' dir='ltr'>scriptore</span> <span class='ocrx_word' id='word_1_235' title='bbox 1945 2023 2039 2069; x_wconf 72' lang='lat' dir='ltr'>data,</span> 
     </span>
     <span class='ocr_line' id='line_1_24' title="bbox 270 2085 2039 2137; baseline -0.002 -15"><span class='ocrx_word' id='word_1_236' title='bbox 270 2090 396 2123; x_wconf 84' lang='lat' dir='ltr'>multas</span> <span class='ocrx_word' id='word_1_237' title='bbox 422 2102 476 2124; x_wconf 86' lang='lat' dir='ltr'>res</span> <span class='ocrx_word' id='word_1_238' title='bbox 502 2089 629 2124; x_wconf 87' lang='lat' dir='ltr'>dubias</span> <span class='ocrx_word' id='word_1_239' title='bbox 654 2090 836 2137; x_wconf 86' lang='lat' dir='ltr'>relinquit.</span> <span class='ocrx_word' id='word_1_240' title='bbox 867 2108 912 2115; x_wconf 93' lang='lat'>—</span> <span class='ocrx_word' id='word_1_241' title='bbox 940 2090 1141 2135; x_wconf 87' lang='lat' dir='ltr'>Antequam</span> <span class='ocrx_word' id='word_1_242' title='bbox 1174 2095 1292 2123; x_wconf 84' lang='lat' dir='ltr'>autem</span> <span class='ocrx_word' id='word_1_243' title='bbox 1319 2087 1378 2133; x_wconf 77' lang='lat' dir='ltr'>id,</span> <span class='ocrx_word' id='word_1_244' title='bbox 1405 2086 1506 2134; x_wconf 87' lang='lat' dir='ltr'>quod</span> <span class='ocrx_word' id='word_1_245' title='bbox 1539 2086 1658 2122; x_wconf 86' lang='lat' dir='ltr'>multis</span> <span class='ocrx_word' id='word_1_246' title='bbox 1690 2093 1725 2121; x_wconf 87' lang='lat' dir='ltr'>et</span> <span class='ocrx_word' id='word_1_247' title='bbox 1750 2098 1855 2132; x_wconf 82' lang='lat' dir='ltr'>saepe</span> <span class='ocrx_word' id='word_1_248' title='bbox 1880 2085 2039 2131; x_wconf 84' lang='lat' dir='ltr'>repetitis</span> 
     </span>
     <span class='ocr_line' id='line_1_25' title="bbox 271 2143 2037 2198; baseline -0.003 -14"><span class='ocrx_word' id='word_1_249' title='bbox 271 2150 581 2197; x_wconf 86' lang='lat' dir='ltr'>disquisitionibus</span> <span class='ocrx_word' id='word_1_250' title='bbox 608 2151 750 2198; x_wconf 78' lang='lat' dir='ltr'>reperi,</span> <span class='ocrx_word' id='word_1_251' title='bbox 789 2151 983 2198; x_wconf 79' lang='lat' dir='ltr'>depingere</span> <span class='ocrx_word' id='word_1_252' title='bbox 1017 2163 1131 2185; x_wconf 89' lang='lat' dir='ltr'>conor</span> <span class='ocrx_word' id='word_1_253' title='bbox 1167 2148 1212 2183; x_wconf 84' lang='lat' dir='ltr'>ad</span> <span class='ocrx_word' id='word_1_254' title='bbox 1246 2147 1334 2182; x_wconf 90' lang='lat' dir='ltr'>illud</span> <span class='ocrx_word' id='word_1_255' title='bbox 1360 2146 1543 2182; x_wconf 86' lang='lat' dir='ltr'>Cuvieri</span> <span class='ocrx_word' id='word_1_256' title='bbox 1577 2146 1714 2181; x_wconf 87' lang='lat' dir='ltr'>dietum</span> <span class='ocrx_word' id='word_1_257' title='bbox 1741 2143 2037 2192; x_wconf 85' lang='lat' dir='ltr'>respondendum</span> 
     </span>
     <span class='ocr_line' id='line_1_26' title="bbox 271 2207 2037 2261; baseline -0.002 -17"><span class='ocrx_word' id='word_1_258' title='bbox 271 2218 333 2256; x_wconf 79' lang='lat' dir='ltr'>est,</span> <span class='ocrx_word' id='word_1_259' title='bbox 362 2225 582 2261; x_wconf 84' lang='lat' dir='ltr'>quamquam</span> <span class='ocrx_word' id='word_1_260' title='bbox 605 2219 723 2259; x_wconf 88' lang='lat' dir='ltr'>partes</span> <span class='ocrx_word' id='word_1_261' title='bbox 749 2213 946 2259; x_wconf 75' lang='lat' dir='ltr'>systematis</span> <span class='ocrx_word' id='word_1_262' title='bbox 969 2212 1109 2247; x_wconf 86' lang='lat' dir='ltr'>nervosi</span> <span class='ocrx_word' id='word_1_263' title='bbox 1125 2210 1338 2258; x_wconf 86' lang='lat' dir='ltr'>praecipuae</span> <span class='ocrx_word' id='word_1_264' title='bbox 1361 2222 1504 2257; x_wconf 87' lang='lat' dir='ltr'>semper</span> <span class='ocrx_word' id='word_1_265' title='bbox 1530 2209 1629 2244; x_wconf 81' lang='lat' dir='ltr'>facile</span> <span class='ocrx_word' id='word_1_266' title='bbox 1653 2209 1809 2255; x_wconf 88' lang='lat' dir='ltr'>reperire</span> <span class='ocrx_word' id='word_1_267' title='bbox 1833 2214 1868 2241; x_wconf 91' lang='lat' dir='ltr'>et</span> <span class='ocrx_word' id='word_1_268' title='bbox 1893 2207 1929 2242; x_wconf 89' lang='lat' dir='ltr'>in</span> <span class='ocrx_word' id='word_1_269' title='bbox 1946 2219 2037 2241; x_wconf 88' lang='lat' dir='ltr'>eon-</span> 
     </span>
    </p>
   </div>
   <div class='ocr_carea' id='block_1_7' title="bbox 292 2363 2033 2618">
    <p class='ocr_par' dir='ltr' id='par_1_7' title="bbox 292 2363 2033 2618">
     <span class='ocr_line' id='line_1_27' title="bbox 328 2363 1200 2408; baseline 0.007 -16"><span class='ocrx_word' id='word_1_270' title='bbox 328 2365 362 2399; x_wconf 71' lang='lat'><strong>·³‘·)</strong></span> <span class='ocrx_word' id='word_1_271' title='bbox 385 2363 403 2393; x_wconf 91' lang='lat' dir='ltr'>l.</span> <span class='ocrx_word' id='word_1_272' title='bbox 427 2373 452 2393; x_wconf 90' lang='lat' dir='ltr'>c.</span> <span class='ocrx_word' id='word_1_273' title='bbox 475 2365 629 2396; x_wconf 87' lang='lat' dir='ltr'>Tab.V111.</span> <span class='ocrx_word' id='word_1_274' title='bbox 649 2385 688 2391; x_wconf 89' lang='lat'>—-</span> <span class='ocrx_word' id='word_1_275' title='bbox 714 2367 757 2398; x_wconf 82' lang='lat' dir='ltr'>Cf.</span> <span class='ocrx_word' id='word_1_276' title='bbox 781 2367 947 2398; x_wconf 64' lang='lat' dir='ltr'>tsis.1832.</span> <span class='ocrx_word' id='word_1_277' title='bbox 969 2368 1039 2400; x_wconf 87' lang='lat' dir='ltr'>Tab.</span> <span class='ocrx_word' id='word_1_278' title='bbox 1052 2368 1086 2398; x_wconf 89' lang='lat'>11.</span> <span class='ocrx_word' id='word_1_279' title='bbox 1108 2368 1169 2408; x_wconf 86' lang='lat' dir='ltr'>Fig.</span> <span class='ocrx_word' id='word_1_280' title='bbox 1179 2367 1200 2398; x_wconf 89' lang='lat'>1.</span> 
     </span>
     <span class='ocr_line' id='line_1_28' title="bbox 309 2417 2033 2460; baseline 0.001 -14"><span class='ocrx_word' id='word_1_281' title='bbox 309 2417 363 2454; x_wconf 49' lang='grc' dir='ltr'>Μ)</span> <span class='ocrx_word' id='word_1_282' title='bbox 387 2417 520 2448; x_wconf 82' lang='lat' dir='ltr'>Forsitan</span> <span class='ocrx_word' id='word_1_283' title='bbox 544 2419 582 2448; x_wconf 88' lang='lat' dir='ltr'>illi</span> <span class='ocrx_word' id='word_1_284' title='bbox 605 2422 685 2451; x_wconf 82' lang='lat' dir='ltr'>vasis</span> <span class='ocrx_word' id='word_1_285' title='bbox 703 2421 829 2452; x_wconf 82' lang='lat' dir='ltr'>dorsalis</span> <span class='ocrx_word' id='word_1_286' title='bbox 847 2423 969 2452; x_wconf 76' lang='lat' dir='ltr'>musculi</span> <span class='ocrx_word' id='word_1_287' title='bbox 990 2423 1018 2452; x_wconf 88' lang='lat' dir='ltr'>in</span> <span class='ocrx_word' id='word_1_288' title='bbox 1043 2422 1166 2452; x_wconf 83' lang='lat' dir='ltr'>Insectis</span> <span class='ocrx_word' id='word_1_289' title='bbox 1188 2420 1274 2452; x_wconf 81' lang='lat' dir='ltr'>simili</span> <span class='ocrx_word' id='word_1_290' title='bbox 1297 2421 1386 2451; x_wconf 85' lang='lat' dir='ltr'>inodo</span> <span class='ocrx_word' id='word_1_291' title='bbox 1410 2424 1496 2460; x_wconf 83' lang='lat' dir='ltr'>atque</span> <span class='ocrx_word' id='word_1_292' title='bbox 1520 2420 1549 2450; x_wconf 85' lang='lat' dir='ltr'>in</span> <span class='ocrx_word' id='word_1_293' title='bbox 1564 2418 1680 2458; x_wconf 84' lang='lat' dir='ltr'>Apode,</span> <span class='ocrx_word' id='word_1_294' title='bbox 1701 2420 1732 2448; x_wconf 87' lang='lat' dir='ltr'>ut</span> <span class='ocrx_word' id='word_1_295' title='bbox 1754 2418 1907 2458; x_wconf 82' lang='lat' dir='ltr'>sanguinis</span> <span class='ocrx_word' id='word_1_296' title='bbox 1930 2425 2033 2447; x_wconf 79' lang='lat' dir='ltr'>cursus</span> 
     </span>
     <span class='ocr_line' id='line_1_29' title="bbox 390 2471 1064 2511; baseline 0.01 -13"><span class='ocrx_word' id='word_1_297' title='bbox 390 2471 568 2500; x_wconf 70' lang='lat' dir='ltr'>sustineatur</span> <span class='ocrx_word' id='word_1_298' title='bbox 592 2476 678 2511; x_wconf 85' lang='lat' dir='ltr'>atque</span> <span class='ocrx_word' id='word_1_299' title='bbox 701 2474 894 2511; x_wconf 77' lang='lat' dir='ltr'>acceleretur,</span> <span class='ocrx_word' id='word_1_300' title='bbox 918 2475 1064 2505; x_wconf 71' lang='lat' dir='ltr'>adiuvant.</span> 
     </span>
     <span class='ocr_line' id='line_1_30' title="bbox 292 2523 2029 2569; baseline 0.002 -19"><span class='ocrx_word' id='word_1_301' title='bbox 292 2524 368 2560; x_wconf 48' lang='lat' dir='ltr'>*NJ</span> <span class='ocrx_word' id='word_1_302' title='bbox 393 2523 596 2564; x_wconf 70' lang='lat' dir='ltr'>voi-lesungen</span> <span class='ocrx_word' id='word_1_303' title='bbox 620 2527 693 2557; x_wconf 72' lang='lat' dir='ltr'>siber</span> <span class='ocrx_word' id='word_1_304' title='bbox 715 2528 946 2569; x_wconf 63' lang='lat' dir='ltr'>vergleiclientle</span> <span class='ocrx_word' id='word_1_305' title='bbox 968 2529 1136 2567; x_wconf 80' lang='lat' dir='ltr'>Anatoinic,</span> <span class='ocrx_word' id='word_1_306' title='bbox 1160 2529 1310 2560; x_wconf 73' lang='lat' dir='ltr'>iibersetzt</span> <span class='ocrx_word' id='word_1_307' title='bbox 1334 2529 1392 2560; x_wconf 87' lang='lat' dir='ltr'>und</span> <span class='ocrx_word' id='word_1_308' title='bbox 1413 2526 1660 2567; x_wconf 80' lang='lat' dir='ltr'>hcrausgcgcben</span> <span class='ocrx_word' id='word_1_309' title='bbox 1673 2534 1732 2556; x_wconf 77' lang='lat' dir='ltr'>von</span> <span class='ocrx_word' id='word_1_310' title='bbox 1746 2524 1906 2556; x_wconf 82' lang='lat' dir='ltr'>lllcckel.</span> <span class='ocrx_word' id='word_1_311' title='bbox 1930 2525 2029 2564; x_wconf 82' lang='lat' dir='ltr'>Leipz.</span> 
     </span>
     <span class='ocr_line' id='line_1_31' title="bbox 395 2578 721 2618; baseline 0.006 -11"><span class='ocrx_word' id='word_1_312' title='bbox 395 2578 481 2608; x_wconf 70' lang='lat'>1809.</span> <span class='ocrx_word' id='word_1_313' title='bbox 503 2579 531 2608; x_wconf 88' lang='lat' dir='ltr'>P.</span> <span class='ocrx_word' id='word_1_314' title='bbox 544 2579 589 2608; x_wconf 86' lang='lat'>111.</span> <span class='ocrx_word' id='word_1_315' title='bbox 614 2588 640 2618; x_wconf 90' lang='lat' dir='ltr'>p.</span> <span class='ocrx_word' id='word_1_316' title='bbox 651 2580 721 2610; x_wconf 72' lang='lat'><strong>2306.</strong></span> 
     </span>
    </p>
   </div>
  </div>
 </body>
</html>
