2419 2972
1062 310 1307 348 -15—

299 409 477 445 existimat
502 409 779 456 compluresque
807 408 980 452 rationes,
1015 406 1147 453 quibus
1173 407 1261 441 haec
1286 408 1413 454 opinio
1442 407 1691 454 confirmetur‚
1729 409 1839 443 affort.
1905 409 2066 456 Quarum

300 473 480 507 rationum
506 484 617 518 quum
644 470 869 518 principalis,
899 481 991 515 quae
1019 469 1056 502 in
1085 469 1276 515 opinione,
1310 469 1412 516 pedis
1439 470 1620 505 undecimi
1647 472 1823 512 sacculum
1853 472 1890 505 in
1917 484 2069 518 opercu-

299 535 372 567 lum
403 533 566 580 capsulae
594 544 743 566 ovorum
771 537 1031 565 commutatum
1056 543 1151 575 esse,
1179 531 1322 577 nititur,
1350 532 1484 578 Apodis
1510 533 1658 567 historia
1686 534 1898 568 evolutionis
1922 545 2067 580 prorsus

298 595 483 640 refutetur,
509 594 602 628 hane
629 604 777 639 quoque
805 592 1017 638 opinionem
1048 591 1194 626 defendi
1222 605 1262 626 ae
1291 594 1436 639 probari
1467 607 1536 627 non
1566 607 1669 641 posse
1696 594 1816 628 credo.

399 657 528 701 Restat,
555 662 592 689 ut
617 653 923 700 contemplemur,
959 652 1150 700 quomodo
1178 655 1319 700 sanguis
1346 654 1409 688 has
1440 655 1628 688 branchias
1654 662 1853 702 percurrat9
1888 656 1988 702 quod
2014 658 2067 691 vi-

298 717 463 750 ventibus
495 716 530 749 in
565 715 778 748 animalibus
808 713 986 747 observari
1022 720 1152 760 potest.
1207 715 1396 763 Sanguinis
1427 717 1520 750 rivus
1551 716 1653 763 pedis
1685 718 1729 751 ab
1758 718 1858 764 apice
1894 718 1928 751 in
1962 731 2068 765 supe-

298 779 392 813 riore
423 776 580 823 margine
606 775 652 809 ad
679 788 809 822 corpus
835 775 1022 809 (lcsccndit
1048 776 1272 824 (Fig.XIIl.)
1301 785 1336 812 ct
1360 777 1532 812 indivisus
1560 779 1594 811 in
1622 779 1830 813 branchiam
1856 780 2065 814 exteriorem

297 853 334 872 se
362 839 474 873 vertit.
530 836 635 871 Cuius
661 849 734 871 non
762 837 887 883 procul
917 849 935 871 a
962 838 1121 884 margine
1149 840 1349 886 exteriore,
1384 854 1456 887 quo
1490 841 1570 874 loco
1605 840 1805 887 superficiei
1836 842 1930 876 linea
1954 855 2065 888 quae-

298 900 379 934 dam
408 899 595 933 obscurior
629 905 663 932 et
688 910 818 932 cornea
845 899 1085 945 conspicitur,
1121 900 1282 935 ascendit
1315 909 1350 936 et
1374 915 1458 937 mox
1494 903 1530 936 in
1565 903 1728 949 quinque
1762 903 1817 936 vel
1849 915 1907 937 sex
1934 904 2066 938 rivulos

298 972 425 1008 parvos
451 959 634 1005 dividitur,
662 959 723 1005 qui
750 965 947 992 transverse
976 959 1206 995 decurrentes
1233 963 1430 1009 marginem
1458 963 1667 997 interiorem
1695 970 1833 1009 petunt.
1894 964 1935 998 Ili
1963 965 2064 999 rivuli

297 1022 400 1056 liberi
428 1020 576 1068 quidem
605 1027 639 1054 ct
661 1020 809 1054 vasculis
836 1019 994 1054 destituti
1021 1033 1086 1067 per
1112 1035 1263 1057 massam
1291 1024 1494 1058 cellulosam
1523 1025 1716 1059 branchiae
1734 1025 1807 1059 vias
1833 1025 1900 1076 sibi
1927 1027 2065 1072 aperire

296 1081 476 1127 videntur,
503 1089 622 1116 tamen
651 1082 760 1128 magis
788 1094 895 1128 quam
923 1083 1064 1129 sanguis
1091 1084 1126 1117 in
1153 1092 1253 1119 scuto
1282 1085 1476 1120 ordinatim
1496 1086 1703 1131 decurrunt,
1729 1093 1768 1121 ut
1789 1087 1915 1133 singuli
1942 1089 2065 1134 aequis

299 1143 491 1177 intervallis
517 1144 608 1177 inter
634 1155 669 1176 se
697 1143 864 1177 disiuncti
891 1144 978 1189 sini,
1017 1151 1051 1178 et
1084 1157 1271 1192 supremus
1306 1160 1431 1182 eorum
1465 1148 1554 1182 fines
1581 1148 1810 1194 tubulorum,
1844 1149 1906 1195 qui
1941 1161 1959 1182 e
1986 1150 2066 1196 pilis

297 1206 371 1238 sive
395 1205 484 1238 ciliis
506 1204 691 1251 superiore
718 1205 754 1238 in
781 1206 942 1252 margine
968 1207 1094 1252 positis
1120 1209 1158 1242 in
1183 1209 1394 1243 branchiam
1430 1210 1541 1256 ipsam
1577 1217 1764 1256 penetrare
1797 1209 1982 1255 videntur,
2016 1218 2070 1245 at-

300 1266 423 1312 tingat.
474 1266 629 1313 Margine
657 1273 775 1300 autem
802 1268 837 1301 in
867 1268 1035 1302 interiore
1060 1281 1186 1304 omnes
1212 1270 1250 1304 hi
1276 1271 1378 1305 rivuli
1411 1272 1597 1305 confluunt
1634 1278 1667 1305 ct
1701 1271 1832 1318 pedem
1858 1283 1978 1306 versus
2005 1271 2069 1306 de-

300 1327 502 1372 scendunt,
537 1335 610 1361 tum
639 1328 666 1362 si
694 1329 795 1362 basin
830 1329 1025 1364 branchiae
1051 1330 1171 1377 adepti
1199 1339 1307 1374 sunt,
1347 1333 1463 1367 statim
1494 1334 1531 1367 in
1560 1333 1769 1367 branchiam
1797 1333 2004 1367 interiorem
2033 1346 2068 1367 se

303 1390 462 1423 flectunt.
515 1390 612 1424 Hanc
641 1403 872 1437 nequaquam
900 1391 1029 1425 codem
1061 1392 1194 1439 modo³
1232 1407 1305 1441 quo
1341 1395 1435 1429 illam
1472 1396 1613 1442 sanguis
1648 1396 1851 1442 percurrit,
1883 1394 1947 1429 sed
1974 1402 2067 1429 totus

301 1451 481 1498 sanguinis
506 1451 600 1485 rivus
627 1451 798 1485 indivisus
824 1453 1022 1499 marginem
1052 1453 1246 1488 branchiae
1273 1456 1514 1501 praeterfluit,
1546 1468 1661 1503 usque
1694 1456 1780 1490 (lum
1807 1456 1852 1490 ad
1874 1457 2005 1504 pedem
2033 1470 2068 1491 se

302 1514 488 1547 convertit.
515 1532 560 1540 —
591 1513 715 1547 Differt
740 1514 846 1561 igitur
871 1514 960 1548 haee
990 1515 1164 1550 branchia
1196 1524 1319 1562 ovata,
1356 1524 1395 1551 ut
1427 1524 1523 1552 extra
1559 1519 1682 1565 inopia
1713 1519 1870 1565 pilorum
1904 1526 2069 1565 praestat,

302 1573 414 1608 modo
444 1587 592 1621 quoque
619 1575 799 1621 sanguinis
825 1574 1002 1609 circuitus.

400 1634 475 1668 Hoc
500 1634 605 1681 igitur
631 1635 764 1668 animal
789 1647 865 1668 non
890 1635 1005 1669 solum
1032 1637 1195 1683 priorum
1216 1647 1381 1675 autorum
1407 1642 1674 1676 observationes
1685 1643 1726 1687 νζ>,
1754 1642 1961 1689 sanguinem
1977 1643 2070 1676 mul-

299 1702 419 1730 torum
445 1695 716 1730 Crustaceorum
743 1697 934 1731 branchias
960 1698 1072 1733 libere
1100 1707 1135 1734 et
1160 1701 1236 1735 sine
1261 1703 1414 1736 vasculis
1438 1715 1672 1749 percurrere,
1707 1701 1878 1749 affirmat,
1911 1703 1974 1737 sed
1998 1704 2069 1737 hoe

299 1757 586 1804 phaenomenon
606 1759 718 1792 multo
747 1759 852 1792 etiam
881 1760 1108 1796 excellentius
1135 1775 1263 1811 magna
1290 1764 1326 1798 in
1352 1764 1524 1798 branchia
1551 1764 1760 1810 scutiformi,
1783 1765 1882 1799 cuius
1897 1771 2069 1799 structura

298 1820 502 1854 anatomice
530 1832 679 1867 quoque
702 1820 865 1868 perquiri
891 1828 1021 1868 potest,
1046 1826 1230 1871 proponit.

759 2087 1163 2126 Sanguinis
1205 2089 1596 2121 cil-cuitus.

863 2209 919 2235 Tul».
934 2210 968 2235 11.
994 2211 1046 2244 1³59.
1065 2211 1207 2236 ΙΓ-ΧΙΧ,
1244 2212 1337 2239 Tab.1.
1359 2211 1505 2245 Fi11.A'1'11.

394 2293 422 2329 §.
454 2294 508 2326 13.
563 2291 673 2336 Quod
697 2291 742 2326 de
767 2295 947 2341 sanguinis
970 2296 1119 2331 circuitu
1146 2297 1280 2344 Apodis
1304 2297 1434 2343 dicam,
1461 2304 1495 2332 et
1522 2298 1558 2331 in
1587 2295 1857 2343 quaestionibus
1882 2296 2059 2330 anatomi-

297 2352 346 2385 cis
372 2351 495 2386 nititur
522 2359 556 2387 ct
583 2354 619 2388 in
648 2354 957 2391 observationibus
986 2359 1224 2406 microscopio
1259 2360 1471 2394 iuvenilibus
1506 2360 1542 2393 in
1570 2358 1782 2392 animalibus
1808 2357 1929 2403 factis,
1963 2370 2056 2404 quo-

354 2520 390 2557 ἐξ)
415 2519 458 2549 Cf.
482 2519 514 2549 G.
538 2519 570 2549 R.
594 2519 759 2552 Trevira
771 2531 838 2554 nus
861 2524 1113 2565 Beobachtungcn
1145 2535 1197 2555 aus
1227 2526 1280 2557 der
1301 2525 1451 2556 Zootomie
1486 2524 1545 2553 und
1568 2523 1776 2564 qu‘siologie,
1808 2522 2054 2562 hernusgegebcn

417 2582 476 2604 von
495 2573 525 2603 L.
550 2573 581 2603 C.
603 2573 855 2608 Treviranus.
878 2578 971 2609 Bona.
995 2580 1082 2610 1839.
1106 2580 1125 2610 1.
1146 2589 1172 2618 p.
1190 2580 1236 2609 25.
