2419 2972
482 415 510 450 §.
538 410 597 445 48.
651 411 813 457 Denique
841 409 949 456 pedes
976 417 1254 445 commutantur.
1292 411 1410 447 Pedes
1436 411 1627 455 εΙιοναοίεί,
1655 411 1716 457 qui
1745 423 1854 457 quum
1883 411 2013 445 animal
2041 423 2146 445 ovum

384 475 622 520 relinqueret,
656 484 785 519 corpus
812 470 1035 517 longitudine
1062 473 1304 519 superabant,
1339 486 1414 508 non
1444 485 1558 519 aeque
1594 484 1634 506 ac
1671 479 1809 506 ceterae
1843 473 2004 519 corporis
2030 479 2148 519 partes

385 542 560 580 crescunt,
585 534 647 568 sed
675 541 829 567 extrema
855 533 924 567 hae
950 534 1163 568 evolutionis
1190 533 1342 580 periodo
1370 534 1440 567 iam
1472 533 1528 567 vix
1555 545 1573 565 c
1600 539 1687 566 testa
1713 532 1920 579 prominent
1947 533 2042 579 (Fig.
2061 533 2144 567 XX.

383 596 432 630 A.
461 596 521 634 B.>.
575 595 615 629 Et
641 594 837 628 anteriores
865 606 990 628 eorum
1017 607 1092 629 non
1118 595 1233 629 solum
1269 594 1351 628 setis
1375 593 1446 626 fere
1481 591 1604 626 nudati
1642 599 1724 626 sunt
1756 592 1819 626 sed
1854 592 1960 627 etiam
1983 593 2147 626 articula-

382 658 482 690 tione
510 655 645 700 media,
678 667 770 702 quae
799 668 893 689 nunc
919 655 1065 689 demum
1094 656 1241 690 existere
1267 653 1427 698 videtur,
1461 665 1538 687 eam
1567 652 1717 687 sormam
1746 654 1947 700 accipiunt,
1975 665 2066 699 quae
2092 653 2147 687 his

380 718 541 763 partibus
569 717 605 749 in
629 715 756 749 adultis
791 716 1003 750 animalibus
1031 723 1095 751 est.
1160 716 1273 750 Pedes
1304 714 1521 762 posteriores
1555 713 1655 754 (ibid.
1684 714 1735 754 B.)
1776 726 1946 760 quoquc,
1985 715 2146 760 quamvis

380 777 498 813 adhuc
527 777 663 811 sortiter
685 784 720 810 et
746 777 978 811 vehementer
1003 778 1047 812 ab
1075 778 1219 812 animali
1251 783 1462 821 moventur,
1490 777 1562 810 iam
1590 774 1808 810 decrescunt.
1862 774 1993 809 Contra
2012 775 2144 823 pedum

378 837 665 873 abdominalium
694 851 767 871 non
793 838 908 872 solum
947 850 1073 871 omnes
1099 839 1319 884 anteriores,
1357 839 1419 886 qui
1458 838 1576 873 adhuc
1608 838 1721 872 forma
1752 839 1916 872 breviore
1952 845 1986 872 et
2021 839 2146 872 latiore

380 907 500 944 erant,
534 900 713 946 longiores
739 906 773 932 et
798 899 1001 946 graciliores
1027 899 1136 944 siunt,
1167 906 1202 933 et
1227 900 1329 934 chela
1357 900 1511 947 quadam
1528 926 1538 945 ,
1565 900 1790 947 processibus
1815 899 1956 934 duobus
1982 901 2147 934 extremis

379 962 603 1008 composita,
641 961 882 1005 instruuntur,
916 959 979 994 sed
1006 961 1111 994 etiam
1136 964 1296 1008 prt'mum
1315 974 1386 1009 par
1414 961 1562 1008 proprio
1592 960 1703 994 modo
1732 967 1981 994 commutatur.
2035 961 2145 1005 Quod

378 1024 406 1058 si
435 1023 505 1057 fere
533 1024 626 1057 illam
656 1023 805 1056 sormam
834 1022 1004 1069 adeptum
1032 1029 1100 1067 est,
1137 1035 1245 1069 quam
1273 1024 1380 1057 ceteri
1408 1022 1518 1069 pedes
1545 1035 1687 1069 semper
1713 1022 1869 1056 retinent
1896 1022 2145 1070 <Fig.XVl.)‚

377 1085 535 1130 primum
562 1095 687 1117 omnes
716 1095 921 1129 processus>
951 1091 1097 1131 excepta
1123 1097 1232 1129 coxa,
1265 1085 1357 1129 apici
1384 1084 1514 1118 sensim
1543 1084 1897 1130 appropinquantur,
1933 1089 1967 1117 et
1990 1084 2145 1130 longitu-

378 1145 463 1180 dine
490 1145 582 1178 aucti
609 1151 762 1177 setarum
793 1144 942 1179 formam
971 1146 1300 1193 articulationisque
1324 1145 1507 1180 cuiusdam
1525 1146 1680 1193 speciem
1698 1146 2145 1193 imitanturfiFig.XXII.),

377 1214 453 1240 tum
481 1212 599 1240 autem
628 1217 752 1239 eorum
777 1206 913 1251 primus
940 1212 974 1240 ct
999 1207 1091 1253 apici
1118 1209 1314 1254 proximus,
1342 1208 1404 1254 qui
1432 1207 1550 1242 adhuc
1577 1214 1650 1241 erat
1676 1208 1913 1254 longissimus,
1940 1207 2147 1242 decrescere

384 1268 505 1314 coepit
532 1266 636 1310 (ibid.
664 1268 738 1308 nu)-

448 1439 477 1464 A
496 1439 743 1464 decrescentia
760 1440 854 1470 paris
876 1440 1010 1471 pedum
1029 1440 1295 1465 tlmraeicorum
1314 1442 1462 1465 secundi
1482 1448 1596 1472 usque
1616 1443 1664 1467 ad
1683 1443 1904 1473 receptaculi
1926 1449 2074 1466 ovorum

1056 1502 1195 1524 externi
1215 1500 1474 1525 evolutionem.

1039 1595 1094 1619 Tale,
1117 1595 1161 1619 11⁷.
1191 1595 1242 1628 Fiy.
1266 1595 1358 1620 XXIII
1366 1610 1395 1615 -
1407 1595 1499 1619 XXXI.

478 1698 506 1733 ς.
534 1691 592 1728 49.
647 1694 839 1740 Postquam
865 1693 997 1740 pedum
1024 1692 1309 1729 abdominalium
1332 1696 1488 1741 primum
1513 1708 1584 1742 par
1618 1708 1657 1729 ea
1691 1697 1850 1740 ratione.
1885 1709 1994 1742 quam
2035 1696 2144 1730 modo

378 1756 645 1802 descripsimus,
672 1762 930 1790 commutatum
959 1762 1021 1788 cst.
1040 1762 1112 1789 tum
1136 1755 1250 1803 pedes
1274 1756 1455 1790 tlzoracici
1479 1758 1635 1792 maiores
1661 1770 1806 1803 prorsus
1833 1757 2054 1802 decrescunt,
2082 1757 2146 1791 de-

378 1817 587 1861 bilitantur,
626 1816 707 1850 setis
746 1816 926 1850 nudantur
958 1823 992 1850 et
1028 1816 1183 1863 languidi
1223 1818 1367 1864 corpori
1400 1818 1660 1852 adhaerescunt
1698 1820 1789 1867 (Fig.
1811 1819 1960 1853 XXIV.
1985 1819 2025 1854 B.
2060 1819 2143 1865 Fig.

378 1878 577 1922 A'Xlsll.)‚
609 1884 646 1911 ut
683 1890 753 1913 una
780 1890 860 1913 cum
888 1885 976 1912 testa
1004 1877 1243 1924 deponantur.
1306 1879 1362 1912 Bis
1399 1887 1534 1914 tantum
1571 1881 1773 1916 rudimenta
1810 1881 2073 1915 eorumcetiarn
2111 1882 2146 1915 in

378 1940 506 1975 adultis
535 1940 746 1974 animalibus
778 1940 894 1986 reperi
930 1939 1033 1980 (lel),
1056 1940 1083 1973 I.
1111 1940 1193 1986 Fig.
1216 1939 1264 1974 Γ.
1292 1940 1356 1978 BA.
1417 1942 1551 1976 lnterea
1584 1956 1769 1989 processus
1797 1955 1945 1989 quoquc
1972 1949 2146 1976 extremus

380 2005 484 2051 paris
507 2001 639 2050 pedum
667 2001 951 2037 abdominalium
979 2003 1094 2050 primi
1126 2001 1235 2048 magis
1271 2000 1443 2037 decrescit
1471 2004 1561 2052 (Fig.
1584 2004 1771 2039 XXVIII.
1792 2008 1848 2045 m.)
1886 2004 2019 2037 necnisi
2048 2003 2147 2037 rudi-

384 2071 559 2108 mentum,
586 2063 816 2096 eminentiam
845 2075 989 2109 parvam
1015 2063 1127 2097 fornia
1155 2069 1269 2108 ovata,
1297 2064 1477 2111 relinquit.
1528 2067 1616 2101 Tum
1645 2067 1789 2112 animal,
1816 2074 1885 2100 tres
1911 2067 1964 2100 vel
1993 2073 2147 2112 quatuor

383 2127 492 2160 lineas
517 2126 661 2172 longum
690 2125 1003 2172 (F1·g.A‘Xlll.a⁴)‚
1029 2125 1059 2158 ei
1083 2125 1197 2158 simile
1224 2132 1294 2170 est,
1331 2127 1431 2172 quod
1458 2127 1688 2162 Schaefser
1715 2129 1735 2162 Ι.
1764 2141 1791 2163 c.
1818 2128 1902 2162 Tab.
1920 2128 1956 2160 V.
1993 2127 2058 2174 Fig.
2077 2127 2145 2160 Vll.

384 2188 565 2231 depinxit,
599 2186 661 2220 sed
689 2187 817 2220 haere
845 2187 1112 2220 observationes
1147 2199 1220 2220 non
1254 2189 1491 2222 consentiunt.
1550 2189 1792 2223 Schacffer
1826 2189 1893 2222 iam
1932 2189 2058 2234 quinto
2087 2187 2145 2222 die

385 2250 551 2283 animalia
578 2249 671 2282 hanc
700 2247 983 2295 magnitudinem
1011 2247 1158 2293 adipisci
1186 2247 1285 2292 dicit,
1312 2256 1449 2294 contra9
1475 2251 1682 2296 priusquam
1709 2250 1873 2284 animalia
1901 2263 1919 2283 a
1948 2262 2003 2283 me
2023 2251 2147 2283 obser-

382 2319 459 2347 vata
483 2311 527 2345 ad
554 2312 646 2346 hanc
673 2310 864 2357 perfectam
892 2309 1054 2355 corporis
1081 2310 1231 2343 {ormam
1260 2312 1498 2357 pervenirent,
1526 2325 1666 2359 semper
1685 2311 1957 2359 quatuordeeim
1973 2312 2051 2345 >fere
2071 2312 2145 2346 dies

384 2374 653 2420 praeterierunt.

483 2437 522 2470 Ut
547 2434 724 2468 secundae
751 2433 964 2468 evolutionis
991 2432 1131 2479 periodi
1161 2434 1283 2478 initio,
1325 2446 1436 2480 quum
1462 2436 1567 2481 primi
1595 2435 1704 2482 pedes
1732 2434 1976 2469 abdominales
2004 2432 2143 2467 evolve-

383 2503 518 2541 rentur,
542 2495 727 2530 oculorum
752 2497 1035 2541 compositorum
1065 2493 1263 2543 primordia
1287 2504 1548 2541 apparuerunt,
1576 2497 1621 2530 ita
1647 2509 1739 2530 nunc
1767 2496 1864 2530 illius
1887 2496 2026 2543 partis,
2053 2503 2144 2541 quae

381 2558 496 2605 vulgo
523 2557 649 2592 oculus
675 2556 832 2603 simplex
858 2557 1074 2598 nominatur,
1098 2555 1342 2604 primordium
1371 2558 1527 2592 cernitur
1554 2558 1644 2605 wig.
1668 2558 1810 2592 XXIII.
1827 2558 1892 2606 ΟΛ.
1945 2554 2143 2589 Eminentia
