2419 2972
1038 321 1282 357 -13-

385 418 420 453 Si
448 418 537 452 scuti
564 418 665 452 basin
692 417 886 452 accuratius
912 417 1218 464 contemplamur,
1252 415 1414 452 videmus
1442 417 1551 453 medii
1580 425 1717 452 tantuin
1746 418 1875 453 canalis
1903 418 2054 464 parietes

288 479 334 514 ad
361 481 556 527 marginem
579 492 694 527 usque
720 479 808 514 scuti
834 478 1036 525 pertinere,
1070 485 1272 512 ceterorum
1309 485 1427 513 autem
1455 479 1710 527 dissepimenta
1728 479 1829 524 .iam,
1861 486 2053 526 antequam

288 542 385 576 hunc
411 549 660 588 assequuntur,
687 541 869 586 desiner03
898 552 971 574 non
999 552 1142 586 semper
1171 539 1319 587 quidem
1344 540 1471 574 harum
1499 541 1653 587 partium
1682 541 1900 575 constructio
1928 540 2053 575 cadem

289 616 363 638 esse
391 603 549 650 videtur,
582 616 647 638 nec
674 602 739 636 nisi
768 615 892 636 omncs
921 601 1059 636 canales
1093 603 1264 649 sanguine
1292 602 1449 636 evacuati
1477 610 1580 648 sunt,
1615 604 1708 638 benc
1736 603 1895 649 conspici
1925 609 2056 649 potest,

287 666 502 714 plerumque
527 671 644 699 autem
668 663 936 710 dissepimenta,
965 675 1056 710 quae
1076 663 1234 696 canalem
1253 662 1449 697 secundum
1478 676 1496 698 a
1514 665 1618 698 tertio
1633 671 1667 697 et
1687 669 1855 711 quartum
1885 676 1904 698 a
1928 665 2056 710 quinto

289 729 513 776 disiungunt,
548 725 686 772 longius
714 738 822 772 quam
851 725 1146 773 dissepimentum
1177 724 1261 771 ipsis
1288 725 1512 758 interiectum
1543 724 1745 771 procedunt
1768 732 1803 759 et
1830 725 1877 759 ita
1903 727 2056 759 coniun-

288 798 438 839 guntur,
474 796 511 823 ut
535 789 674 823 canales
708 789 833 823 tertius
866 794 900 822 et
933 794 1080 835 quartus
1117 785 1379 822 concludantur
1411 793 1446 821 et
1480 787 1657 821 secundus
1691 787 1802 822 modo
1841 788 1993 822 liberum
2020 788 2058 821 in

290 851 418 885 ostium
446 855 545 882 excat
569 849 661 897 (Fig.
678 848 734 892 1.).

386 910 595 945 Cuiusmodi
630 910 685 944 his
719 910 757 944 in
791 910 973 944 branchiis
1011 911 1055 945 sit
1081 911 1260 958 sanguinis
1289 911 1477 957 circuitus,
1514 912 1727 945 iuvenilibus
1759 911 1794 945 in
1827 912 2059 957 animalculis,

288 985 379 1021 quae
407 972 558 1007 duarum
586 973 640 1006 vel
666 972 775 1006 trium
809 972 984 1006 linearum
1022 973 1285 1021 longitudinem
1320 986 1395 1007 non
1426 980 1615 1019 superant,
1647 974 1888 1019 microscopio
1923 974 2059 1020 optime

288 1036 442 1083 perspici
468 1042 586 1082 potest
618 1041 653 1069 et
686 1041 888 1069 memoratu
925 1034 1066 1069 videtur
1097 1035 1358 1082 dignissimum.
1424 1033 1593 1068 Celeriter
1625 1035 1721 1069 enim
1755 1046 1796 1068 ac
1828 1033 2060 1068 vehementer

285 1099 466 1145 sanguinis
491 1099 585 1132 rivus
612 1110 758 1145 magnus
785 1104 820 1131 ct
843 1097 1035 1131 continuus
1059 1110 1077 1131 e
1102 1109 1255 1144 corpore
1284 1096 1446 1131 medium
1475 1097 1511 1130 in
1534 1097 1693 1130 canalem
1720 1095 1809 1130 scuti
1837 1095 2059 1142 propellitur.

287 1159 393 1194 Cuius
421 1173 531 1207 quum
562 1166 724 1207 quartam
752 1159 805 1193 vel
832 1160 973 1193 tertiam
1000 1166 1138 1206 partem
1163 1158 1400 1205 longitudinis
1419 1158 1606 1205 percurrit,
1635 1157 1776 1204 sanguis
1799 1157 1916 1190 statim
1944 1156 2062 1202 paric-

287 1229 339 1256 tes
367 1222 496 1256 canalis
519 1222 679 1256 laterales
702 1234 935 1268 perrumpere
970 1228 1005 1255 et
1032 1221 1068 1255 in
1094 1221 1280 1268 proximos
1306 1220 1456 1255 transire
1483 1220 1624 1266 coepit,
1662 1220 1709 1252 ita
1741 1224 1781 1252 ut,
1808 1218 1904 1251 nullo
1934 1216 2062 1251 ordine

287 1284 389 1318 multi
417 1284 565 1318 existant
591 1283 715 1329 rivuli,
753 1283 814 1330 qui
850 1290 910 1317 aut
935 1296 1000 1330 per
1026 1283 1167 1317 canales
1200 1282 1361 1316 laterales
1395 1281 1440 1315 ad
1469 1293 1599 1327 corpus
1622 1279 1794 1325 redeant,
1829 1286 1889 1313 aut
1914 1279 2053 1325 longius

287 1346 463 1393 progressi
486 1345 532 1380 ad
559 1346 755 1392 marginem
784 1358 897 1392 usquc
925 1345 1013 1379 scuti
1040 1351 1220 1379 externam
1250 1349 1464 1390 penetrent,
1501 1343 1562 1376 ubi
1591 1342 1657 1388 ipsi
1683 1354 1748 1388 per
1774 1352 1924 1374 massam
1951 1341 2061 1373 bran-

292 1409 393 1443 chiae
421 1408 624 1442 cellulosam
651 1408 743 1442 viam
770 1408 837 1441 sihi
866 1407 1038 1454 aperiant.
1093 1406 1216 1451 Quum
1244 1413 1362 1440 autem
1385 1405 1454 1439 hac
1479 1405 1533 1439 via
1561 1404 1606 1439 ad
1633 1404 1830 1451 marginem
1857 1413 1971 1449 usque
1999 1413 2062 1434 an-

290 1471 460 1506 teriorem
487 1471 601 1516 scuti,
635 1483 709 1517 quo
738 1470 1029 1516 ccphalothoraci
1058 1467 1266 1503 adiunctum
1295 1474 1366 1512 est,
1402 1473 1662 1514 pervenerunt,
1690 1476 1815 1499 omnes
1841 1475 1960 1498 versus
1983 1474 2060 1496 me-

292 1533 391 1568 dium
423 1532 581 1566 eiusdem
614 1545 651 1566 se
683 1538 825 1566 vertunt
862 1538 896 1565 et
934 1531 970 1565 in
1005 1530 1344 1578 cephalothoracem
1380 1530 1569 1563 refluentes
1602 1540 1620 1561 a
1660 1532 1855 1572 conspectu
1888 1524 2062 1560 recedunt

292 1599 300 1637 (
327 1595 561 1643 ‘1·g.Xll.I>‘.).
589 1595 628 1628 In
652 1594 780 1640 impari
807 1594 932 1639 canali,
960 1594 997 1627 in
1026 1592 1193 1627 mediana
1217 1592 1305 1626 scuti
1339 1591 1432 1625 linea
1461 1589 1684 1633 decurrente,
1711 1587 1890 1635 sanguinis
1917 1598 2059 1620 cursum

289 1664 439 1706 propter
466 1658 624 1691 colorem
652 1656 809 1690 intestini
837 1656 1053 1690 subiacentis
1074 1654 1266 1688 obscurum
1295 1653 1484 1687 observare
1512 1649 1660 1697 quidem
1690 1662 1763 1683 non
1791 1648 1912 1695 potui,
1938 1654 2061 1680 tamen

291 1733 366 1754 non
394 1718 544 1753 dubium
572 1731 647 1752 esse
676 1717 798 1762 credo,
825 1717 913 1764 quin
942 1730 984 1751 co
1004 1728 1155 1764 quoque
1181 1715 1294 1750 canali
1322 1727 1363 1749 ex
1390 1720 1541 1760 utraque
1567 1711 1654 1745 scuti
1680 1717 1779 1758 parte
1803 1709 1943 1756 sanguis
1969 1709 2062 1743 reci-

288 1781 407 1828 piatur
434 1786 468 1813 et
491 1778 536 1813 ad
564 1791 694 1826 corpus
719 1778 919 1812 reducatur.

389 1842 449 1876 His
485 1854 566 1875 cum
599 1840 910 1875 observationibus
946 1839 1148 1887 disquisitio
1185 1840 1387 1874 anatomica
1421 1837 1600 1873 convenit.
1658 1836 1724 1870 Vas
1758 1834 1855 1868 enim
1890 1845 2059 1879 magnum

288 1905 473 1951 latumque
501 1904 652 1951 (F1·g.X.
670 1906 715 1943 a.)
752 1902 795 1936 ab
824 1909 979 1949 utroque
1009 1902 1117 1935 latere
1148 1899 1459 1946 cephalothoracis
1496 1898 1534 1932 in
1567 1904 1705 1932 scutum
1733 1894 1894 1930 ascendit
1921 1900 1956 1927 et
1981 1904 2058 1926 me-

289 1966 389 2001 dium
416 1967 490 2001 eius
524 1967 561 2001 in
596 1965 782 2009 canalem,
817 1963 916 1997 cuius
949 1961 995 1996 ad
1029 1969 1166 2009 partem
1196 1974 1310 2008 usque
1351 1961 1422 1995 fere
1455 1961 1595 1994 tertiam
1637 1957 1869 2006 longitudinis
1906 1955 2057 2002 parietes

290 2029 490 2075 investigari
517 2034 682 2075 possunt,
709 2026 844 2061 transit.
899 2023 1008 2069 Quod
1036 2037 1148 2070 quum
1175 2036 1236 2058 vas
1261 2023 1471 2070 sanguinem
1499 2021 1680 2056 branchiis
1707 2020 1839 2064 alferat,
1866 2029 1935 2051 vas
1960 2013 2057 2065 [gffiz-

290 2105 373 2127 rens
407 2091 478 2125 sive
508 2092 646 2125 arteria
682 2087 906 2124 branclzialis
941 2085 1119 2120 nominari
1157 2091 1287 2132 potest.
1368 2084 1443 2118 Una
1482 2090 1600 2118 autem
1637 2095 1717 2116 cum
1752 2081 1823 2115 hoc
1861 2077 1956 2113 aliud
2000 2089 2057 2111 vas

291 2154 386 2202 (Fig.
404 2153 450 2188 X.
475 2153 527 2189 B.)
570 2151 780 2185 branchiam
814 2150 947 2193 intrat,
989 2146 1088 2194 quod
1124 2159 1142 2180 e
1181 2145 1290 2180 corde
1325 2145 1563 2192 proficiscitur
1599 2151 1633 2178 et
1666 2143 1740 2176 basi
1776 2141 1863 2176 scuti
1896 2139 1986 2174 duos
2017 2139 2055 2172 in

291 2227 408 2249 ramos
443 2213 541 2255 (ibid.
568 2212 597 2248 b.
624 2212 695 2257 b),
730 2211 894 2246 arteriam
936 2209 1180 2244 branchialcm
1224 2207 1353 2254 partim
1391 2207 1669 2252 complectentes
1706 2210 1739 2237 ct
1781 2201 1825 2236 ad
1858 2200 2055 2246 marginem

291 2276 379 2310 scuti
413 2287 448 2309 se
481 2282 676 2320 vertentes,
712 2273 801 2308 findi
829 2272 979 2307 videtur.
1042 2272 1154 2304 Porro
1183 2276 1300 2304 autem
1329 2269 1418 2302 haec
1451 2280 1531 2301 vasa
1558 2266 1756 2312 investigari
1787 2276 1860 2297 non
1887 2267 2053 2308 possunt,

291 2335 354 2370 sed
397 2337 470 2382 ipsa
513 2337 708 2383 parietibus
746 2335 900 2381 propriis
949 2333 1083 2381 privata
1133 2333 1170 2366 in
1210 2343 1360 2366 massam
1402 2329 1644 2364 branchialcm
1687 2326 1834 2360 transire
1873 2323 2048 2358 videntur·

293 2397 433 2441 Quare,
471 2410 562 2443 quae
597 2397 804 2443 sanguinem
839 2408 879 2428 ex
911 2401 1061 2441 utraque
1088 2394 1219 2428 canalis
1242 2392 1352 2427 medii
1380 2397 1478 2438 parte
1506 2402 1569 2436 per
1595 2388 1803 2422 branchiam
1841 2385 2052 2420 redeuntem

292 2459 470 2505 excipiant
504 2464 539 2491 et
572 2457 617 2491 ad
651 2470 713 2492 cor
758 2457 874 2504 ipsum
917 2455 1107 2500 reducant,
1151 2461 1232 2501 apta
1272 2460 1353 2488 sunt
1390 2459 1424 2486 et
1458 2463 1548 2486 vasa
1583 2450 1782 2492 referentia
1821 2448 1891 2481 sive
1929 2456 2045 2478 rvenae

292 2519 523 2556 branclziales
551 2519 729 2552 nominari
756 2524 915 2566 possunt.
967 2516 1038 2551 Sed
1063 2530 1134 2551 non
1161 2516 1250 2550 haec
1275 2527 1355 2549 vasa
1386 2514 1501 2548 solum
1529 2511 1574 2546 ad
1601 2511 1807 2557 sanguinem
1835 2521 1852 2541 e
1880 2506 2052 2541 branchia

292 2580 541 2630 recipiendum
568 2579 742 2615 destinata
768 2586 867 2625 sunt,
896 2577 959 2613 sed
992 2579 1122 2613 canalis
1155 2577 1261 2612 etiam
1289 2576 1378 2611 scuti
1409 2575 1524 2621 impar
1551 2573 1760 2622 (Fig.l.c*.)
1785 2570 1875 2605 ostio
1902 2568 2051 2616 proprio
