2419 2972
378 433 606 479 triangulare,
629 432 835 480 depressum
860 440 1099 480 componunt,
1120 433 1221 480 quod
1246 433 1426 482 ganglion
1452 433 1721 482 oesophageum
1747 434 1904 482 inferius
1933 436 2005 470 sive
2032 438 2150 484 impar

384 495 562 528 nominari
586 501 713 541 potest.
763 495 838 529 Hoc
864 507 883 528 e
904 495 1044 542 ganglio
1071 507 1201 531 nervus
1219 496 1471 544 oesoplzageus
1490 497 1607 544 impar
1618 495 1710 544 (Fig.
1725 495 1775 532 V.
1791 496 1859 532 VI.
1876 499 1909 539 i.)
1935 498 2059 544 oritur,
2086 500 2148 545 qui

381 556 462 590 satis
490 555 637 602 quidem
665 557 774 601 latus,
808 556 871 590 sed
906 556 1092 604 depressus
1127 564 1162 591 et
1196 569 1309 604 paene
1345 557 1543 604 pellucidus
1578 558 1669 592 inter
1704 556 1864 592 medium
1901 565 1935 592 et
1963 566 2145 593 externum

382 617 576 665 oesophagi
603 625 749 652 stratum
777 619 974 653 musculare
1001 618 1173 664 ascendit,
1194 631 1304 665 porro
1331 625 1450 653 autem
1470 619 1670 666 investigari
1691 631 1769 662 non
1784 618 1914 665 potuit.
1952 618 2000 653 Ex
2016 619 2144 654 eodem

379 691 475 724 arcu,
503 680 618 714 nervis
646 680 880 728 oesophageis
906 681 1107 715 coniunctis
1130 681 1355 728 composito,
1386 679 1430 714 atl
1462 679 1602 714 labrum
1630 681 1746 727 ipsum
1774 680 1871 714 nervi
1901 679 1973 714 duo
1999 682 2144 727 graciles

380 740 476 788 (Fig.
494 740 542 775 V.
557 742 609 788 g.)
640 742 815 787 oriuntur,
843 742 904 788 qui
933 743 1010 788 ipso
1037 742 1102 776 sub
1129 742 1264 789 pariete
1290 741 1380 775 labri
1405 741 1590 788 superiore
1615 742 1669 776 vel
1695 741 1866 776 interiore
1890 740 1935 793 ad
1949 742 2144 788 marginem

380 813 493 847 usque
521 802 594 837 eius
622 803 857 849 posteriorem
886 804 1090 838 decurrunt.
1981 809 1986 814 ⁴

476 864 501 897 E
527 865 673 911 gangliis
700 872 816 899 autem
846 865 1080 912 oesopliageis
1102 864 1347 912 superioribus
1374 864 1467 912 (Fig.
1486 864 1512 900 I.
1538 863 1586 898 V.
1618 863 1686 899 VI.
1698 863 1756 904 D.)
1782 871 1922 910 praeter
1947 865 2142 899 maximum

378 925 476 959 illum
504 938 651 960 nervum
679 926 790 961 modo
816 926 1035 973 descriptum
1066 927 1103 960 hi
1128 926 1226 960 nervi
1254 926 1412 960 minores
1439 925 1625 960 oriuntur:
1660 926 1703 959 ab
1739 925 1908 959 interiore
1935 932 2034 972 parte
2062 938 2144 960 ner-

374 997 436 1020 vus
463 988 665 1033 complures
689 989 725 1022 in
753 1001 870 1022 ramos
897 987 1027 1022 divisus
1054 988 1146 1035 (Fig.
1165 986 1212 1021 V.
1227 986 1273 1033 β.)
1303 986 1347 1020 ad
1375 987 1553 1021 musculos
1578 987 1738 1021 laterales
1766 986 1983 1033 oesophagi3
2019 993 2093 1020 tum
2124 1000 2143 1021 c

376 1052 476 1092 parte
502 1048 676 1081 exteriore
705 1061 830 1082 nervus
854 1049 912 1081 illo
940 1048 1081 1094 longior
1107 1046 1207 1087 (ibid.
1225 1048 1284 1093 cb),
1313 1048 1375 1095 qui
1402 1047 1494 1082 duos
1522 1049 1557 1082 in
1584 1060 1702 1083 ramos
1720 1047 1820 1082 fissus
1847 1048 1883 1081 in
1907 1048 2041 1094 pariete
2067 1061 2135 1095 po-

370 1107 518 1141 steriore
544 1109 732 1142 anterioris
758 1109 867 1155 partis
894 1108 1204 1154 ccplialothoraeis
1230 1109 1387 1144 decurrit
1412 1110 1672 1157 ventriculique
1709 1109 1755 1144 ad
1780 1121 1967 1156 processus
1990 1109 2141 1155 glandu-

373 1169 467 1202 losos
491 1170 670 1215 pertinere
696 1169 855 1216 videtur3
890 1177 967 1205 tum
994 1182 1122 1204 nervus
1149 1170 1297 1217 quidam
1325 1170 1424 1211 (ibid.
1449 1174 1489 1211 κ.)
1522 1172 1638 1205 tenuis
1665 1170 1710 1205 ad
1738 1171 1815 1205 illos
1843 1170 2042 1216 musculos,
2077 1172 2138 1217 qui

371 1231 570 1264 musculum
598 1231 887 1266 mandibularum
913 1244 994 1266 cum
1021 1238 1108 1265 testa
1136 1231 1358 1277 coniungunt
1377 1229 1524 1271 <Tal1.I.
1548 1231 1687 1279 FigJI.
1705 1230 1787 1276 V.);
1816 1237 1891 1264 tum
1910 1243 2037 1265 nervus
2056 1231 2140 1266 huic

370 1291 493 1325 similis
519 1292 614 1340 (th.
631 1293 679 1328 V.
691 1293 739 1338 λ.)
762 1292 807 1327 ad
835 1306 895 1328 eos
921 1295 1113 1338 musculos,
1138 1293 1200 1339 qui
1229 1292 1473 1339 oesophagum
1491 1293 1650 1327 musculo
1680 1291 1968 1327 mandibularum
1993 1290 2140 1339 affigunt

372 1352 476 1392 (Tala.
497 1353 524 1387 l.
554 1354 636 1402 Fz'g.
656 1354 701 1390 lI.
728 1355 806 1403 Q.)3
842 1355 1000 1402 (lenique
1036 1367 1162 1389 nervus
1195 1354 1422 1388 brevissimus
1460 1354 1552 1402 (Fig.
1576 1354 1626 1389 V.
1642 1367 1676 1399 μ.
1713 1355 1794 1402 Fig.
1807 1353 1848 1393 I.)
1884 1365 1924 1387 ex
1955 1355 2140 1400 superiore

370 1419 469 1457 parte
496 1414 625 1461 ganglii
653 1415 839 1462 utriusque
867 1415 912 1448 ad
940 1415 1137 1449 musculum
1166 1415 1467 1449 mandibularum.

466 1474 635 1509 Videmus
661 1476 789 1522 igitur,
826 1489 951 1510 omnes
979 1478 1049 1511 sere
1076 1477 1143 1511 hos
1175 1489 1302 1511 nervos
1330 1476 1374 1510 ad
1403 1477 1598 1524 oesophagi
1632 1477 1810 1511 musculos
1841 1488 1877 1510 se
1912 1476 2075 1511 conferre
2101 1484 2135 1511 et

367 1548 500 1581 paucos
526 1543 664 1571 tantum
698 1538 854 1572 ramulos
889 1538 934 1572 ad
967 1551 1152 1585 processus
1188 1539 1373 1573 ventriculi
1403 1538 1632 1585 glandulosos
1664 1539 1854 1585 pertinere.
1912 1538 2135 1573 Ventriculus

366 1608 448 1630 vero
477 1596 551 1643 ipse
577 1598 728 1632 omnino
756 1599 860 1632 nullis
884 1601 999 1633 nervis
1033 1600 1224 1635 instructus
1259 1612 1333 1634 esse
1366 1600 1525 1646 videtur,
1565 1612 1647 1634 nam
1681 1612 1793 1647 quum
1821 1599 2032 1634 membrana
2060 1600 2135 1634 eius

363 1657 540 1704 pellucida
567 1658 622 1704 sit,
649 1660 890 1706 microscopio
918 1661 1121 1707 composito
1145 1673 1272 1696 nervos
1300 1662 1334 1695 in
1363 1674 1402 1695 ea
1429 1661 1589 1708 conspici
1618 1673 1721 1708 posse
1748 1660 1934 1708 oportuit3
1961 1660 2024 1695 sed
2052 1662 2132 1695 nul-

365 1718 436 1751 lum
465 1730 590 1753 eorum
619 1721 803 1767 vestigium
833 1721 961 1768 reperi.

459 1782 486 1818 §.
512 1783 571 1815 QS.
628 1781 792 1829 Ganglia
818 1784 1008 1818 clzoracica
1041 1791 1075 1818 ec
1105 1787 1205 1819 nervi
1236 1796 1286 1820 ex
1313 1786 1359 1819 iis
1385 1786 1466 1820 orti.
1501 1806 1550 1813 -
1587 1783 1690 1818 Nervi
1717 1782 1963 1830 oesophagum
1990 1783 2130 1817 collaris

361 1841 469 1874 instar
496 1843 776 1888 complectentes
803 1845 935 1892 (FigJ.
968 1845 1017 1878 V.
1049 1845 1194 1891 Vl.C.),
1222 1853 1414 1893 postquam
1440 1845 1578 1893 ganglia
1604 1844 1917 1892 illa-oesophagea
1943 1845 2128 1891 superiora

361 1911 642 1948 composuerunt
669 1911 703 1938 et
730 1917 829 1939 ramo
856 1913 1055 1940 transverso
1085 1905 1188 1949 (ibid.
1215 1907 1271 1949 E.)
1310 1909 1401 1942 inter
1426 1921 1462 1942 se
1490 1907 1673 1942 coniuncti
1707 1913 1808 1951 sunt,
1840 1906 1955 1940 statim
1983 1918 2127 1940 muscu-

361 1963 432 1996 lum
461 1964 749 2001 mandibularum
778 1968 874 2016 (mg.
886 1968 913 2003 I.
942 1968 1010 2003 VI.
1027 1968 1103 2009 M)
1130 1969 1305 2015 subcunt,
1333 1977 1367 2004 et
1394 1970 1429 2004 in
1456 1976 1556 2016 parte
1580 1968 1685 2002 huius
1711 1967 1859 2001 musculi
1886 1967 2033 2001 ventrali
2061 1980 2127 2001 nee

361 2026 486 2069 procul
514 2026 557 2059 ab
586 2027 660 2061 eius
689 2029 845 2075 margine
872 2031 1070 2076 posteriore
1093 2031 1189 2076 prius
1204 2044 1269 2078 par
1292 2032 1515 2079 gangliorum
1537 2030 1802 2064 thoracicorum
1819 2029 1913 2077 (Fig.
1929 2029 1977 2064 V.
1992 2028 2124 2069 VLF.)

360 2095 594 2132 componunt.
648 2088 737 2123 Sunt
763 2090 851 2124 haec
875 2091 1013 2137 ganglia
1040 2091 1112 2125 duo
1141 2091 1229 2126 nodi
1255 2093 1373 2127 nervei
1397 2093 1480 2127 satis
1506 2091 1640 2138 magni,
1675 2091 1794 2137 plani,
1828 2090 1941 2125 forma
1964 2091 2124 2124 semicir-

362 2149 468 2182 culari
494 2150 547 2183 vel
574 2163 688 2196 paene
714 2153 931 2197 semilunari‚
958 2153 1100 2187 duobus
1123 2155 1229 2189 ramis
1253 2155 1460 2189 transversis
1487 2153 1609 2187 crassis
1637 2153 1781 2187 interse
1809 2152 2002 2187 coniuncti.
2058 2152 2124 2186 Ex-

362 2215 463 2244 terno
491 2223 509 2244 e
534 2212 691 2260 margine
720 2225 842 2247 eorum
872 2220 941 2248 tres
967 2215 1064 2248 nervi
1089 2217 1193 2249 crassi
1221 2217 1313 2264 (Fig.
1333 2216 1384 2250 V.
1415 2215 1485 2250 Vl.
1513 2215 1546 2249 J.
1574 2214 1618 2248 K.
1639 2214 1690 2255 L.)
1715 2215 1887 2252 oriuntur,
1916 2215 1977 2260 qui
2004 2214 2121 2248 statim

360 2272 396 2305 in
423 2272 712 2308 mandibularum
737 2276 934 2310 musculum
962 2284 1151 2323 penetrant
1181 2282 1215 2310 et
1240 2276 1346 2310 huius
1379 2282 1460 2310 sunt
1485 2276 1635 2322 proprii.
1700 2277 1843 2310 Praeter
1868 2275 1934 2309 hos
1957 2281 2074 2309 autem
2103 2287 2122 2308 e

358 2332 516 2377 margine
543 2334 720 2368 anteriore
748 2335 934 2382 utriusque
961 2336 1048 2371 nodi
1076 2350 1194 2373 ramus
1214 2338 1352 2385 gracilis
1380 2336 1470 2377 (ibz'cl
1505 2337 1546 2378 lc.)
1581 2337 1617 2371 in
1643 2337 1820 2370 anteriora
1847 2336 2032 2381 emittitur,
2058 2335 2120 2382 qui

359 2404 549 2426 nervorum
573 2399 718 2428 truncos
744 2407 892 2442 magnos
915 2408 934 2430 a
960 2398 1108 2432 cerebro
1138 2406 1235 2433 ortos
1267 2406 1502 2446 transgressus
1528 2397 1706 2432 musculos
1738 2396 1881 2442 parietis
1912 2395 2119 2442 posterioris

358 2454 550 2500 oesophagi
576 2455 674 2500 petit.
712 2456 864 2503 Uterque
882 2470 1007 2492 corum
1032 2459 1099 2493 hac
1112 2460 1167 2494 via
1183 2459 1403 2494 lilamentum
1422 2458 1690 2493 subtilissimum
1710 2455 1860 2497 (miclau)
1884 2456 1921 2490 in
1949 2456 2118 2491 interiora

358 2516 486 2549 emittit
510 2514 555 2549 ad
573 2515 819 2551 membranam
844 2531 971 2553 nervos
990 2531 1009 2554 a
1032 2522 1176 2555 ventrali
1202 2527 1301 2567 parte
1322 2521 1562 2567 obtegentem.
1602 2519 1643 2552 Hi
1664 2518 1761 2552 nervi
1778 2530 1817 2551 ex
1835 2524 1989 2564 utroque
2009 2517 2116 2552 latere

356 2577 423 2610 sibi
440 2583 630 2611 occurrunt
644 2583 678 2611 et
690 2576 834 2613 forsitan
848 2591 985 2615 ramum
1001 2588 1237 2618 transversum
1252 2589 1490 2629 componunt,
1507 2579 1607 2627 quod
1621 2580 1702 2615 satis
1720 2580 1904 2626 explorare
1914 2590 1988 2613 non
2002 2579 2114 2625 potui.
