<?xml version="1.0" encoding="UTF-8"?>
<!DOCTYPE html PUBLIC "-//W3C//DTD XHTML 1.0 Transitional//EN"
    "http://www.w3.org/TR/xhtml1/DTD/xhtml1-transitional.dtd">
<html xmlns="http://www.w3.org/1999/xhtml" xml:lang="en" lang="en">
 <head>
  <title>
</title>
<meta http-equiv="Content-Type" content="text/html;charset=utf-8" />
  <meta name='ocr-system' content='tesseract 3.04.00' />
  <meta name='ocr-capabilities' content='ocr_page ocr_carea ocr_par ocr_line ocrx_word'/>
</head>
<body>
  <div class='ocr_page' id='page_1' title='image "./deapodiscancrifo00zadd_0037.png"; bbox 0 0 2419 2972; ppageno 0'>
   <div class='ocr_carea' id='block_1_1' title="bbox 1064 323 1308 361">
    <p class='ocr_par' dir='ltr' id='par_1_1' title="bbox 1064 323 1308 361">
     <span class='ocr_line' id='line_1_1' title="bbox 1064 323 1308 361; baseline 0.008 -15"><span class='ocrx_word' id='word_1_1' title='bbox 1064 323 1308 361; x_wconf 73' lang='lat'>..25-</span> 
     </span>
    </p>
   </div>
   <div class='ocr_carea' id='block_1_2' title="bbox 265 420 2054 2623">
    <p class='ocr_par' dir='ltr' id='par_1_2' title="bbox 265 420 2054 2623">
     <span class='ocr_line' id='line_1_2' title="bbox 271 420 2047 471; baseline -0.001 -11"><span class='ocrx_word' id='word_1_2' title='bbox 271 425 308 460; x_wconf 80' lang='lat' dir='ltr'><strong>in</strong></span> <span class='ocrx_word' id='word_1_3' title='bbox 334 424 544 459; x_wconf 83' lang='lat' dir='ltr'><strong>membrana</strong></span> <span class='ocrx_word' id='word_1_4' title='bbox 570 423 645 470; x_wconf 73' lang='lat' dir='ltr'><strong>ipsa</strong></span> <span class='ocrx_word' id='word_1_5' title='bbox 672 420 964 468; x_wconf 73' lang='lat' dir='ltr'><strong>conspiciuntur,</strong></span> <span class='ocrx_word' id='word_1_6' title='bbox 995 421 1240 456; x_wconf 73' lang='lat' dir='ltr'><strong>m&#39;U&#39;Sffllorum</strong></span> <span class='ocrx_word' id='word_1_7' title='bbox 1271 420 1371 456; x_wconf 81' lang='lat' dir='ltr'><strong>fibris</strong></span> <span class='ocrx_word' id='word_1_8' title='bbox 1403 434 1422 457; x_wconf 88' lang='lat' dir='ltr'><strong>a</strong></span> <span class='ocrx_word' id='word_1_9' title='bbox 1449 424 1585 470; x_wconf 79' lang='lat' dir='ltr'><strong>pariete</strong></span> <span class='ocrx_word' id='word_1_10' title='bbox 1614 424 1784 459; x_wconf 75' lang='lat' dir='ltr'><strong>inferiore</strong></span> <span class='ocrx_word' id='word_1_11' title='bbox 1810 423 1855 458; x_wconf 81' lang='lat' dir='ltr'><strong>ad</strong></span> <span class='ocrx_word' id='word_1_12' title='bbox 1882 426 2047 471; x_wconf 77' lang='lat' dir='ltr'><strong>superio-</strong></span> 
     </span>
     <span class='ocr_line' id='line_1_3' title="bbox 271 481 2046 533; baseline 0 -13"><span class='ocrx_word' id='word_1_13' title='bbox 271 498 346 520; x_wconf 87' lang='lat' dir='ltr'><strong>rem</strong></span> <span class='ocrx_word' id='word_1_14' title='bbox 373 484 648 519; x_wconf 70' lang='lat' dir='ltr'>ascendentibus</span> <span class='ocrx_word' id='word_1_15' title='bbox 673 481 950 518; x_wconf 68' lang='lat' dir='ltr'><strong>concluduntur.</strong></span> <span class='ocrx_word' id='word_1_16' title='bbox 1001 482 1230 516; x_wconf 78' lang='lat' dir='ltr'><strong>Membranac</strong></span> <span class='ocrx_word' id='word_1_17' title='bbox 1258 481 1425 518; x_wconf 76' lang='lat' dir='ltr'><strong>adiacens</strong></span> <span class='ocrx_word' id='word_1_18' title='bbox 1458 486 1671 533; x_wconf 81' lang='lat' dir='ltr'><strong>plerumque</strong></span> <span class='ocrx_word' id='word_1_19' title='bbox 1705 486 1846 533; x_wconf 75' lang='lat' dir='ltr'><strong>sanguis</strong></span> <span class='ocrx_word' id='word_1_20' title='bbox 1878 487 2046 533; x_wconf 75' lang='lat' dir='ltr'><strong>coagula-</strong></span> 
     </span>
     <span class='ocr_line' id='line_1_4' title="bbox 269 542 2049 593; baseline 0.001 -13"><span class='ocrx_word' id='word_1_21' title='bbox 269 553 324 580; x_wconf 97' lang='lat' dir='ltr'><strong>tus</strong></span> <span class='ocrx_word' id='word_1_22' title='bbox 351 546 539 593; x_wconf 79' lang='lat' dir='ltr'><strong>reperitur,</strong></span> <span class='ocrx_word' id='word_1_23' title='bbox 563 552 598 579; x_wconf 80' lang='lat' dir='ltr'><strong>ct</strong></span> <span class='ocrx_word' id='word_1_24' title='bbox 623 556 735 579; x_wconf 84' lang='lat' dir='ltr'><strong>massa</strong></span> <span class='ocrx_word' id='word_1_25' title='bbox 762 542 967 590; x_wconf 81' lang='lat' dir='ltr'><strong>quaedam,</strong></span> <span class='ocrx_word' id='word_1_26' title='bbox 1000 543 1199 578; x_wconf 77' lang='lat' dir='ltr'><strong>brancliiali</strong></span> <span class='ocrx_word' id='word_1_27' title='bbox 1233 556 1368 579; x_wconf 83' lang='lat' dir='ltr'>massae</span> <span class='ocrx_word' id='word_1_28' title='bbox 1395 545 1539 592; x_wconf 73' lang='lat' dir='ltr'><strong>similis,</strong></span> <span class='ocrx_word' id='word_1_29' title='bbox 1574 547 1634 581; x_wconf 90' lang='lat' dir='ltr'><strong>hic</strong></span> <span class='ocrx_word' id='word_1_30' title='bbox 1666 547 1792 582; x_wconf 81' lang='lat' dir='ltr'><strong>adesse</strong></span> <span class='ocrx_word' id='word_1_31' title='bbox 1812 547 1963 581; x_wconf 82' lang='lat' dir='ltr'><strong>videtur.</strong></span> <span class='ocrx_word' id='word_1_32' title='bbox 2004 569 2049 574; x_wconf 93' lang='lat'><strong>—-</strong></span> 
     </span>
     <span class='ocr_line' id='line_1_5' title="bbox 268 605 2051 655; baseline -0.001 -13"><span class='ocrx_word' id='word_1_33' title='bbox 268 607 418 655; x_wconf 74' lang='lat' dir='ltr'><strong>Sanguis</strong></span> <span class='ocrx_word' id='word_1_34' title='bbox 445 608 550 655; x_wconf 76' lang='lat' dir='ltr'><strong>igitur</strong></span> <span class='ocrx_word' id='word_1_35' title='bbox 577 620 594 641; x_wconf 89' lang='lat' dir='ltr'><strong>e</strong></span> <span class='ocrx_word' id='word_1_36' title='bbox 621 605 733 640; x_wconf 82' lang='lat' dir='ltr'><strong>canali</strong></span> <span class='ocrx_word' id='word_1_37' title='bbox 758 605 1039 639; x_wconf 85' lang='lat' dir='ltr'><strong>membranaceo</strong></span> <span class='ocrx_word' id='word_1_38' title='bbox 1067 605 1102 639; x_wconf 88' lang='lat' dir='ltr'><strong>in</strong></span> <span class='ocrx_word' id='word_1_39' title='bbox 1131 605 1337 639; x_wconf 73' lang='lat' dir='ltr'><strong>inferiorem</strong></span> <span class='ocrx_word' id='word_1_40' title='bbox 1365 605 1455 639; x_wconf 82' lang='lat' dir='ltr'><strong>labri</strong></span> <span class='ocrx_word' id='word_1_41' title='bbox 1483 608 1669 641; x_wconf 70' lang='lat' dir='ltr'>cavitatem</span> <span class='ocrx_word' id='word_1_42' title='bbox 1698 607 1819 652; x_wconf 61' lang='lat' dir='ltr'><strong>fertur„</strong></span> <span class='ocrx_word' id='word_1_43' title='bbox 1850 619 1890 640; x_wconf 83' lang='lat' dir='ltr'><strong>ex</strong></span> <span class='ocrx_word' id='word_1_44' title='bbox 1919 607 1987 641; x_wconf 87' lang='lat' dir='ltr'><strong>hac</strong></span> <span class='ocrx_word' id='word_1_45' title='bbox 2014 607 2051 642; x_wconf 90' lang='lat' dir='ltr'><strong>in</strong></span> 
     </span>
     <span class='ocr_line' id='line_1_6' title="bbox 269 665 2053 716; baseline -0.001 -12"><span class='ocrx_word' id='word_1_46' title='bbox 269 670 456 704; x_wconf 74' lang='lat' dir='ltr'><strong>cavitatem</strong></span> <span class='ocrx_word' id='word_1_47' title='bbox 483 669 705 716; x_wconf 80' lang='lat' dir='ltr'><strong>superiorem</strong></span> <span class='ocrx_word' id='word_1_48' title='bbox 722 666 981 714; x_wconf 78' lang='lat' dir='ltr'><strong>transgreditur</strong></span> <span class='ocrx_word' id='word_1_49' title='bbox 994 666 1047 708; x_wconf 82' lang='lat' dir='ltr'><strong>(cf.</strong></span> <span class='ocrx_word' id='word_1_50' title='bbox 1067 665 1153 702; x_wconf 83' lang='lat' dir='ltr'><strong>Tab.</strong></span> <span class='ocrx_word' id='word_1_51' title='bbox 1170 666 1291 714; x_wconf 73' lang='lat' dir='ltr'><em>LFig.</em></span> <span class='ocrx_word' id='word_1_52' title='bbox 1304 666 1436 701; x_wconf 77' lang='lat' dir='ltr'><em>XVII.</em></span> <span class='ocrx_word' id='word_1_53' title='bbox 1450 666 1512 708; x_wconf 87' lang='lat' dir='ltr'><strong>N.)</strong></span> <span class='ocrx_word' id='word_1_54' title='bbox 1538 675 1573 702; x_wconf 80' lang='lat' dir='ltr'><strong>ct</strong></span> <span class='ocrx_word' id='word_1_55' title='bbox 1590 669 1626 703; x_wconf 90' lang='lat' dir='ltr'><strong>in</strong></span> <span class='ocrx_word' id='word_1_56' title='bbox 1653 668 1744 703; x_wconf 79' lang='lat' dir='ltr'><strong>d-uos</strong></span> <span class='ocrx_word' id='word_1_57' title='bbox 1770 668 1931 702; x_wconf 71' lang='lat' dir='ltr'>laterales</span> <span class='ocrx_word' id='word_1_58' title='bbox 1955 668 2053 702; x_wconf 81' lang='lat' dir='ltr'><strong>rivos</strong></span> 
     </span>
     <span class='ocr_line' id='line_1_7' title="bbox 269 727 2051 776; baseline -0.001 -11"><span class='ocrx_word' id='word_1_59' title='bbox 269 729 451 765; x_wconf 82' lang='lat' dir='ltr'><strong>dividitur.</strong></span> <span class='ocrx_word' id='word_1_60' title='bbox 504 730 544 764; x_wconf 90' lang='lat' dir='ltr'><strong>Hi</strong></span> <span class='ocrx_word' id='word_1_61' title='bbox 572 729 639 763; x_wconf 84' lang='lat' dir='ltr'><strong>rivi.</strong></span> <span class='ocrx_word' id='word_1_62' title='bbox 673 739 714 762; x_wconf 84' lang='lat' dir='ltr'><strong>ex</strong></span> <span class='ocrx_word' id='word_1_63' title='bbox 741 734 893 775; x_wconf 81' lang='lat' dir='ltr'><strong>utraque</strong></span> <span class='ocrx_word' id='word_1_64' title='bbox 927 735 1028 775; x_wconf 81' lang='lat' dir='ltr'><strong>parte</strong></span> <span class='ocrx_word' id='word_1_65' title='bbox 1060 728 1148 762; x_wconf 85' lang='lat' dir='ltr'><strong>labri</strong></span> <span class='ocrx_word' id='word_1_66' title='bbox 1185 727 1231 763; x_wconf 85' lang='lat' dir='ltr'><strong>ad</strong></span> <span class='ocrx_word' id='word_1_67' title='bbox 1259 735 1398 775; x_wconf 77' lang='lat' dir='ltr'><strong>partem</strong></span> <span class='ocrx_word' id='word_1_68' title='bbox 1424 730 1587 776; x_wconf 83' lang='lat' dir='ltr'><strong>corporis</strong></span> <span class='ocrx_word' id='word_1_69' title='bbox 1613 731 1808 764; x_wconf 76' lang='lat' dir='ltr'><strong>venti-alem</strong></span> <span class='ocrx_word' id='word_1_70' title='bbox 1837 741 1873 764; x_wconf 85' lang='lat' dir='ltr'><strong>se</strong></span> <span class='ocrx_word' id='word_1_71' title='bbox 1897 741 2051 764; x_wconf 78' lang='lat' dir='ltr'><strong>conver-</strong></span> 
     </span>
     <span class='ocr_line' id='line_1_8' title="bbox 268 788 2052 839; baseline -0.001 -12"><span class='ocrx_word' id='word_1_72' title='bbox 268 799 349 827; x_wconf 78' lang='lat' dir='ltr'><strong>tunt</strong></span> <span class='ocrx_word' id='word_1_73' title='bbox 377 799 411 827; x_wconf 77' lang='lat' dir='ltr'><strong>et</strong></span> <span class='ocrx_word' id='word_1_74' title='bbox 437 793 473 826; x_wconf 84' lang='lat' dir='ltr'><strong>in</strong></span> <span class='ocrx_word' id='word_1_75' title='bbox 499 790 688 838; x_wconf 80' lang='lat' dir='ltr'><strong>superficie</strong></span> <span class='ocrx_word' id='word_1_76' title='bbox 715 791 884 825; x_wconf 83' lang='lat' dir='ltr'><strong>inferiore</strong></span> <span class='ocrx_word' id='word_1_77' title='bbox 911 790 1062 824; x_wconf 82' lang='lat' dir='ltr'><strong>musculi</strong></span> <span class='ocrx_word' id='word_1_78' title='bbox 1089 788 1379 823; x_wconf 76' lang='lat' dir='ltr'>mandibularum</span> <span class='ocrx_word' id='word_1_79' title='bbox 1407 801 1524 836; x_wconf 84' lang='lat' dir='ltr'><strong>prope</strong></span> <span class='ocrx_word' id='word_1_80' title='bbox 1548 790 1614 824; x_wconf 88' lang='lat' dir='ltr'><strong>sub</strong></span> <span class='ocrx_word' id='word_1_81' title='bbox 1643 798 1722 824; x_wconf 81' lang='lat' dir='ltr'><strong>cute</strong></span> <span class='ocrx_word' id='word_1_82' title='bbox 1749 797 1892 825; x_wconf 79' lang='lat' dir='ltr'><strong>externa</strong></span> <span class='ocrx_word' id='word_1_83' title='bbox 1920 792 1956 826; x_wconf 90' lang='lat' dir='ltr'><strong>in</strong></span> <span class='ocrx_word' id='word_1_84' title='bbox 1981 804 2052 839; x_wconf 87' lang='lat' dir='ltr'><strong>po-</strong></span> 
     </span>
     <span class='ocr_line' id='line_1_9' title="bbox 268 850 2051 898; baseline 0 -10"><span class='ocrx_word' id='word_1_85' title='bbox 268 855 416 890; x_wconf 81' lang='lat' dir='ltr'><strong>steriora</strong></span> <span class='ocrx_word' id='word_1_86' title='bbox 444 852 546 887; x_wconf 82' lang='lat' dir='ltr'><strong>etad</strong></span> <span class='ocrx_word' id='word_1_87' title='bbox 574 853 731 887; x_wconf 82' lang='lat' dir='ltr'>maxillas</span> <span class='ocrx_word' id='word_1_88' title='bbox 762 852 887 887; x_wconf 85' lang='lat' dir='ltr'><strong>fluunt.</strong></span> <span class='ocrx_word' id='word_1_89' title='bbox 942 851 1023 896; x_wconf 85' lang='lat' dir='ltr'><strong>Qua</strong></span> <span class='ocrx_word' id='word_1_90' title='bbox 1057 851 1112 885; x_wconf 91' lang='lat' dir='ltr'><strong>via</strong></span> <span class='ocrx_word' id='word_1_91' title='bbox 1148 850 1289 896; x_wconf 77' lang='lat' dir='ltr'><strong>sanguis</strong></span> <span class='ocrx_word' id='word_1_92' title='bbox 1321 851 1468 897; x_wconf 76' lang='lat' dir='ltr'><strong>gangliis</strong></span> <span class='ocrx_word' id='word_1_93' title='bbox 1502 864 1651 898; x_wconf 82' lang='lat' dir='ltr'><strong>quoque</strong></span> <span class='ocrx_word' id='word_1_94' title='bbox 1687 853 1826 887; x_wconf 71' lang='lat' dir='ltr'><strong>nei-veis</strong></span> <span class='ocrx_word' id='word_1_95' title='bbox 1857 853 2051 888; x_wconf 75' lang='lat' dir='ltr'><strong>thoracicis</strong></span> 
     </span>
     <span class='ocr_line' id='line_1_10' title="bbox 269 912 2054 962; baseline 0 -12"><span class='ocrx_word' id='word_1_96' title='bbox 269 913 566 950; x_wconf 72' lang='lat' dir='ltr'><strong>circumfunditur</strong></span> <span class='ocrx_word' id='word_1_97' title='bbox 592 913 646 955; x_wconf 84' lang='lat' dir='ltr'><strong>(ef.</strong></span> <span class='ocrx_word' id='word_1_98' title='bbox 683 913 766 949; x_wconf 74' lang='lat' dir='ltr'><strong>Tab.</strong></span> <span class='ocrx_word' id='word_1_99' title='bbox 782 913 850 948; x_wconf 81' lang='lat' dir='ltr'><em>III.</em></span> <span class='ocrx_word' id='word_1_100' title='bbox 883 914 964 962; x_wconf 77' lang='lat' dir='ltr'><strong>Fig.</strong></span> <span class='ocrx_word' id='word_1_101' title='bbox 981 913 1049 949; x_wconf 90' lang='lat' dir='ltr'><strong>Vl.</strong></span> <span class='ocrx_word' id='word_1_102' title='bbox 1067 912 1133 951; x_wconf 79' lang='lat' dir='ltr'><em>F.)-</em></span> <span class='ocrx_word' id='word_1_103' title='bbox 1161 912 1306 946; x_wconf 80' lang='lat' dir='ltr'><strong>—Num</strong></span> <span class='ocrx_word' id='word_1_104' title='bbox 1331 912 1368 946; x_wconf 85' lang='lat' dir='ltr'><strong>hi</strong></span> <span class='ocrx_word' id='word_1_105' title='bbox 1395 913 1582 959; x_wconf 78' lang='lat' dir='ltr'><strong>sanguinis</strong></span> <span class='ocrx_word' id='word_1_106' title='bbox 1605 913 1669 947; x_wconf 79' lang='lat' dir='ltr'><strong>rivi</strong></span> <span class='ocrx_word' id='word_1_107' title='bbox 1696 914 1785 948; x_wconf 85' lang='lat' dir='ltr'><strong>vasis</strong></span> <span class='ocrx_word' id='word_1_108' title='bbox 1810 916 2054 960; x_wconf 79' lang='lat' dir='ltr'><strong>peculiaribus</strong></span> 
     </span>
     <span class='ocr_line' id='line_1_11' title="bbox 269 973 2052 1022; baseline 0.001 -12"><span class='ocrx_word' id='word_1_109' title='bbox 269 975 540 1021; x_wconf 65' lang='lat' dir='ltr'><strong>concludantur,</strong></span> <span class='ocrx_word' id='word_1_110' title='bbox 567 988 641 1010; x_wconf 84' lang='lat' dir='ltr'><strong>non</strong></span> <span class='ocrx_word' id='word_1_111' title='bbox 668 975 751 1009; x_wconf 74' lang='lat' dir='ltr'><strong>satis</strong></span> <span class='ocrx_word' id='word_1_112' title='bbox 778 975 867 1009; x_wconf 89' lang='lat' dir='ltr'><strong>mihi</strong></span> <span class='ocrx_word' id='word_1_113' title='bbox 896 982 1032 1009; x_wconf 76' lang='lat' dir='ltr'><strong>certum</strong></span> <span class='ocrx_word' id='word_1_114' title='bbox 1058 973 1357 1019; x_wconf 85' lang='lat' dir='ltr'><strong>exploratumque</strong></span> <span class='ocrx_word' id='word_1_115' title='bbox 1383 980 1453 1019; x_wconf 71' lang='lat' dir='ltr'><strong>est,</strong></span> <span class='ocrx_word' id='word_1_116' title='bbox 1482 987 1564 1008; x_wconf 91' lang='lat' dir='ltr'><strong>nam</strong></span> <span class='ocrx_word' id='word_1_117' title='bbox 1593 987 1815 1022; x_wconf 78' lang='lat' dir='ltr'><strong>quamquam</strong></span> <span class='ocrx_word' id='word_1_118' title='bbox 1843 978 1961 1022; x_wconf 85' lang='lat' dir='ltr'><strong>specie</strong></span> <span class='ocrx_word' id='word_1_119' title='bbox 1986 990 2052 1012; x_wconf 86' lang='lat' dir='ltr'><strong>ex-</strong></span> 
     </span>
     <span class='ocr_line' id='line_1_12' title="bbox 267 1034 2051 1083; baseline 0.002 -13"><span class='ocrx_word' id='word_1_120' title='bbox 267 1043 370 1071; x_wconf 80' lang='lat' dir='ltr'><strong>terna</strong></span> <span class='ocrx_word' id='word_1_121' title='bbox 393 1036 576 1071; x_wconf 81' lang='lat' dir='ltr'><strong>interdum</strong></span> <span class='ocrx_word' id='word_1_122' title='bbox 603 1049 684 1070; x_wconf 67' lang='lat' dir='ltr'><strong>vasa</strong></span> <span class='ocrx_word' id='word_1_123' title='bbox 711 1035 833 1070; x_wconf 83' lang='lat' dir='ltr'><strong>adesse</strong></span> <span class='ocrx_word' id='word_1_124' title='bbox 860 1034 1039 1080; x_wconf 64' lang='lat' dir='ltr'><strong>videntur,</strong></span> <span class='ocrx_word' id='word_1_125' title='bbox 1066 1041 1190 1068; x_wconf 83' lang='lat' dir='ltr'><strong>tamen.</strong></span> <span class='ocrx_word' id='word_1_126' title='bbox 1216 1035 1316 1069; x_wconf 82' lang='lat' dir='ltr'><strong>facile</strong></span> <span class='ocrx_word' id='word_1_127' title='bbox 1344 1035 1415 1069; x_wconf 76' lang='lat' dir='ltr'><strong>falli</strong></span> <span class='ocrx_word' id='word_1_128' title='bbox 1438 1036 1565 1083; x_wconf 74' lang='lat' dir='ltr'><strong>possis,</strong></span> <span class='ocrx_word' id='word_1_129' title='bbox 1594 1037 1679 1083; x_wconf 86' lang='lat' dir='ltr'><strong>quia</strong></span> <span class='ocrx_word' id='word_1_130' title='bbox 1704 1038 1769 1071; x_wconf 88' lang='lat' dir='ltr'><strong>sub</strong></span> <span class='ocrx_word' id='word_1_131' title='bbox 1798 1045 1879 1072; x_wconf 77' lang='lat' dir='ltr'><strong>cute</strong></span> <span class='ocrx_word' id='word_1_132' title='bbox 1903 1045 2051 1074; x_wconf 72' lang='lat' dir='ltr'><strong>externa</strong></span> 
     </span>
     <span class='ocr_line' id='line_1_13' title="bbox 266 1096 2053 1147; baseline 0.002 -16"><span class='ocrx_word' id='word_1_133' title='bbox 266 1097 483 1145; x_wconf 85' lang='lat' dir='ltr'><strong>plerumque</strong></span> <span class='ocrx_word' id='word_1_134' title='bbox 510 1098 579 1131; x_wconf 85' lang='lat' dir='ltr'><strong>iam</strong></span> <span class='ocrx_word' id='word_1_135' title='bbox 607 1109 732 1131; x_wconf 84' lang='lat' dir='ltr'><strong>recens</strong></span> <span class='ocrx_word' id='word_1_136' title='bbox 756 1096 968 1130; x_wconf 85' lang='lat' dir='ltr'><strong>membrana</strong></span> <span class='ocrx_word' id='word_1_137' title='bbox 1000 1096 1117 1130; x_wconf 84' lang='lat' dir='ltr'><strong>tenuis</strong></span> <span class='ocrx_word' id='word_1_138' title='bbox 1146 1096 1269 1130; x_wconf 73' lang='lat' dir='ltr'><strong>effecta</strong></span> <span class='ocrx_word' id='word_1_139' title='bbox 1297 1103 1370 1142; x_wconf 80' lang='lat' dir='ltr'><strong>est,</strong></span> <span class='ocrx_word' id='word_1_140' title='bbox 1402 1110 1515 1144; x_wconf 73' lang='lat' dir='ltr'><strong>quae,</strong></span> <span class='ocrx_word' id='word_1_141' title='bbox 1550 1110 1663 1144; x_wconf 85' lang='lat' dir='ltr'><strong>quum</strong></span> <span class='ocrx_word' id='word_1_142' title='bbox 1698 1098 1740 1132; x_wconf 90' lang='lat' dir='ltr'><strong>iis</strong></span> <span class='ocrx_word' id='word_1_143' title='bbox 1768 1099 1876 1145; x_wconf 78' lang='lat' dir='ltr'><strong>locis,</strong></span> <span class='ocrx_word' id='word_1_144' title='bbox 1916 1101 2053 1147; x_wconf 85' lang='lat' dir='ltr'><strong>quibus</strong></span> 
     </span>
     <span class='ocr_line' id='line_1_14' title="bbox 265 1157 2044 1207; baseline 0.002 -15"><span class='ocrx_word' id='word_1_145' title='bbox 265 1159 407 1206; x_wconf 83' lang='lat' dir='ltr'><strong>sanguis</strong></span> <span class='ocrx_word' id='word_1_146' title='bbox 432 1159 610 1203; x_wconf 74' lang='lat' dir='ltr'><strong>subiacet,</strong></span> <span class='ocrx_word' id='word_1_147' title='bbox 642 1158 758 1192; x_wconf 85' lang='lat' dir='ltr'><strong>soluta</strong></span> <span class='ocrx_word' id='word_1_148' title='bbox 783 1158 847 1203; x_wconf 74' lang='lat' dir='ltr'><strong>sit,</strong></span> <span class='ocrx_word' id='word_1_149' title='bbox 880 1157 940 1191; x_wconf 82' lang='lat' dir='ltr'><strong>hic</strong></span> <span class='ocrx_word' id='word_1_150' title='bbox 967 1157 1094 1191; x_wconf 83' lang='lat' dir='ltr'><strong>melius</strong></span> <span class='ocrx_word' id='word_1_151' title='bbox 1120 1170 1229 1205; x_wconf 83' lang='lat' dir='ltr'><strong>quam</strong></span> <span class='ocrx_word' id='word_1_152' title='bbox 1257 1159 1383 1193; x_wconf 79' lang='lat' dir='ltr'><strong>ceteris</strong></span> <span class='ocrx_word' id='word_1_153' title='bbox 1410 1160 1573 1206; x_wconf 86' lang='lat' dir='ltr'><strong>corporis</strong></span> <span class='ocrx_word' id='word_1_154' title='bbox 1597 1160 1635 1194; x_wconf 89' lang='lat' dir='ltr'><strong>in</strong></span> <span class='ocrx_word' id='word_1_155' title='bbox 1658 1161 1839 1207; x_wconf 73' lang='lat' dir='ltr'><strong>partibus,</strong></span> <span class='ocrx_word' id='word_1_156' title='bbox 1876 1163 2044 1198; x_wconf 79' lang='lat' dir='ltr'><strong>cernitur.</strong></span> 
     </span>
     <span class='ocr_line' id='line_1_15' title="bbox 266 1219 2043 1271; baseline 0.003 -17"><span class='ocrx_word' id='word_1_157' title='bbox 266 1220 358 1255; x_wconf 77' lang='lat' dir='ltr'><strong>Puto</strong></span> <span class='ocrx_word' id='word_1_158' title='bbox 386 1221 492 1268; x_wconf 77' lang='lat' dir='ltr'><strong>igitur</strong></span> <span class='ocrx_word' id='word_1_159' title='bbox 516 1221 579 1255; x_wconf 84' lang='lat' dir='ltr'><strong>hic</strong></span> <span class='ocrx_word' id='word_1_160' title='bbox 603 1233 752 1268; x_wconf 86' lang='lat' dir='ltr'><strong>quoquc</strong></span> <span class='ocrx_word' id='word_1_161' title='bbox 778 1233 859 1255; x_wconf 88' lang='lat' dir='ltr'><strong>vasa</strong></span> <span class='ocrx_word' id='word_1_162' title='bbox 885 1219 1080 1267; x_wconf 73' lang='lat' dir='ltr'><strong>peculiaria</strong></span> <span class='ocrx_word' id='word_1_163' title='bbox 1107 1219 1254 1265; x_wconf 72' lang='lat' dir='ltr'><strong>abesse,</strong></span> <span class='ocrx_word' id='word_1_164' title='bbox 1287 1220 1480 1267; x_wconf 84' lang='lat' dir='ltr'><strong>praecipue</strong></span> <span class='ocrx_word' id='word_1_165' title='bbox 1518 1221 1605 1268; x_wconf 84' lang='lat' dir='ltr'><strong>quia</strong></span> <span class='ocrx_word' id='word_1_166' title='bbox 1637 1223 1779 1269; x_wconf 79' lang='lat' dir='ltr'><strong>sanguis</strong></span> <span class='ocrx_word' id='word_1_167' title='bbox 1819 1223 1858 1257; x_wconf 85' lang='lat' dir='ltr'><strong>in·</strong></span> <span class='ocrx_word' id='word_1_168' title='bbox 1881 1225 2043 1271; x_wconf 77' lang='lat' dir='ltr'><strong>maxillis,</strong></span> 
     </span>
     <span class='ocr_line' id='line_1_16' title="bbox 267 1281 2046 1329; baseline 0.002 -13"><span class='ocrx_word' id='word_1_169' title='bbox 267 1281 312 1316; x_wconf 84' lang='lat' dir='ltr'><strong>ad</strong></span> <span class='ocrx_word' id='word_1_170' title='bbox 339 1294 427 1329; x_wconf 80' lang='lat' dir='ltr'><strong>quas</strong></span> <span class='ocrx_word' id='word_1_171' title='bbox 453 1294 473 1316; x_wconf 88' lang='lat' dir='ltr'><strong>a</strong></span> <span class='ocrx_word' id='word_1_172' title='bbox 496 1281 713 1316; x_wconf 84' lang='lat' dir='ltr'><strong>mandibulis</strong></span> <span class='ocrx_word' id='word_1_173' title='bbox 740 1294 776 1316; x_wconf 86' lang='lat' dir='ltr'><strong>se</strong></span> <span class='ocrx_word' id='word_1_174' title='bbox 801 1282 998 1326; x_wconf 73' lang='lat' dir='ltr'><strong>convertit,</strong></span> <span class='ocrx_word' id='word_1_175' title='bbox 1031 1281 1097 1315; x_wconf 85' lang='lat' dir='ltr'><strong>sub</strong></span> <span class='ocrx_word' id='word_1_176' title='bbox 1134 1281 1211 1328; x_wconf 82' lang='lat' dir='ltr'><strong>ipsa</strong></span> <span class='ocrx_word' id='word_1_177' title='bbox 1235 1288 1325 1316; x_wconf 86' lang='lat' dir='ltr'><strong>testa</strong></span> <span class='ocrx_word' id='word_1_178' title='bbox 1360 1289 1505 1316; x_wconf 83' lang='lat' dir='ltr'><strong>externa</strong></span> <span class='ocrx_word' id='word_1_179' title='bbox 1540 1289 1575 1316; x_wconf 81' lang='lat' dir='ltr'><strong>et,</strong></span> <span class='ocrx_word' id='word_1_180' title='bbox 1609 1282 1706 1329; x_wconf 85' lang='lat' dir='ltr'><strong>ipsos</strong></span> <span class='ocrx_word' id='word_1_181' title='bbox 1741 1283 1835 1318; x_wconf 77' lang='lat' dir='ltr'><strong>inter</strong></span> <span class='ocrx_word' id='word_1_182' title='bbox 1861 1286 2046 1321; x_wconf 86' lang='lat' dir='ltr'><strong>musculos-</strong></span> 
     </span>
     <span class='ocr_line' id='line_1_17' title="bbox 266 1343 2046 1392; baseline 0.003 -15"><span class='ocrx_word' id='word_1_183' title='bbox 266 1344 353 1378; x_wconf 83' lang='lat' dir='ltr'><strong>situs</strong></span> <span class='ocrx_word' id='word_1_184' title='bbox 380 1350 442 1377; x_wconf 75' lang='lat' dir='ltr'><strong>est.</strong></span> <span class='ocrx_word' id='word_1_185' title='bbox 472 1362 517 1367; x_wconf 91' lang='lat'><strong>—</strong></span> <span class='ocrx_word' id='word_1_186' title='bbox 546 1344 631 1378; x_wconf 71' lang='lat' dir='ltr'><strong>Post</strong></span> <span class='ocrx_word' id='word_1_187' title='bbox 656 1344 814 1378; x_wconf 82' lang='lat' dir='ltr'><strong>maxillas</strong></span> <span class='ocrx_word' id='word_1_188' title='bbox 839 1343 952 1378; x_wconf 90' lang='lat' dir='ltr'><strong>rivulo</strong></span> <span class='ocrx_word' id='word_1_189' title='bbox 981 1343 1123 1377; x_wconf 83' lang='lat' dir='ltr'><strong>minore</strong></span> <span class='ocrx_word' id='word_1_190' title='bbox 1149 1343 1194 1378; x_wconf 87' lang='lat' dir='ltr'><strong>ad</strong></span> <span class='ocrx_word' id='word_1_191' title='bbox 1221 1343 1332 1390; x_wconf 83' lang='lat' dir='ltr'><strong>pedes</strong></span> <span class='ocrx_word' id='word_1_192' title='bbox 1368 1343 1404 1378; x_wconf 87' lang='lat' dir='ltr'><strong>in</strong></span> <span class='ocrx_word' id='word_1_193' title='bbox 1429 1350 1531 1390; x_wconf 74' lang='lat' dir='ltr'><strong>parte</strong></span> <span class='ocrx_word' id='word_1_194' title='bbox 1557 1344 1705 1378; x_wconf 75' lang='lat' dir='ltr'><strong>ventrali</strong></span> <span class='ocrx_word' id='word_1_195' title='bbox 1734 1346 1865 1380; x_wconf 87' lang='lat' dir='ltr'><strong>emisso</strong></span> <span class='ocrx_word' id='word_1_196' title='bbox 1900 1346 2046 1392; x_wconf 36' lang='lat' dir='ltr'><strong>(Talal-</strong></span> 
     </span>
     <span class='ocr_line' id='line_1_18' title="bbox 270 1403 2051 1454; baseline 0.001 -14"><span class='ocrx_word' id='word_1_197' title='bbox 270 1405 582 1454; x_wconf 43' lang='lat' dir='ltr'><strong>F1·g.Xl³&#39;Il.G.),</strong></span> <span class='ocrx_word' id='word_1_198' title='bbox 610 1418 718 1453; x_wconf 89' lang='lat' dir='ltr'><strong>quem</strong></span> <span class='ocrx_word' id='word_1_199' title='bbox 748 1405 837 1440; x_wconf 73' lang='lat' dir='ltr'><strong>infra</strong></span> <span class='ocrx_word' id='word_1_200' title='bbox 862 1405 1065 1453; x_wconf 78' lang='lat' dir='ltr'><strong>diligentius</strong></span> <span class='ocrx_word' id='word_1_201' title='bbox 1092 1403 1357 1448; x_wconf 74' lang='lat' dir='ltr'><strong>describemus,</strong></span> <span class='ocrx_word' id='word_1_202' title='bbox 1390 1404 1533 1451; x_wconf 79' lang='lat' dir='ltr'><strong>sanguis</strong></span> <span class='ocrx_word' id='word_1_203' title='bbox 1560 1403 1599 1438; x_wconf 76' lang='lat' dir='ltr'><strong>in</strong></span> <span class='ocrx_word' id='word_1_204' title='bbox 1624 1404 1935 1452; x_wconf 83' lang='lat' dir='ltr'><strong>cephalothoracis</strong></span> <span class='ocrx_word' id='word_1_205' title='bbox 1959 1407 2051 1442; x_wconf 82' lang='lat' dir='ltr'><strong>late-</strong></span> 
     </span>
     <span class='ocr_line' id='line_1_19' title="bbox 271 1464 2050 1514; baseline -0.001 -12"><span class='ocrx_word' id='word_1_206' title='bbox 271 1468 370 1503; x_wconf 82' lang='lat' dir='ltr'><strong>ribus</strong></span> <span class='ocrx_word' id='word_1_207' title='bbox 398 1467 570 1514; x_wconf 74' lang='lat' dir='ltr'><strong>ascendit,</strong></span> <span class='ocrx_word' id='word_1_208' title='bbox 598 1469 784 1502; x_wconf 74' lang='lat' dir='ltr'><strong>cavitatem</strong></span> <span class='ocrx_word' id='word_1_209' title='bbox 809 1467 1121 1514; x_wconf 82' lang='lat' dir='ltr'><strong>cephalolhoraeis</strong></span> <span class='ocrx_word' id='word_1_210' title='bbox 1148 1466 1272 1509; x_wconf 72' lang='lat' dir='ltr'><strong>intrat,</strong></span> <span class='ocrx_word' id='word_1_211' title='bbox 1306 1470 1342 1498; x_wconf 70' lang='lat' dir='ltr'><strong>et</strong></span> <span class='ocrx_word' id='word_1_212' title='bbox 1367 1464 1429 1499; x_wconf 82' lang='lat' dir='ltr'><strong>hic</strong></span> <span class='ocrx_word' id='word_1_213' title='bbox 1453 1464 1545 1499; x_wconf 85' lang='lat' dir='ltr'><strong>duos</strong></span> <span class='ocrx_word' id='word_1_214' title='bbox 1572 1466 1608 1500; x_wconf 92' lang='lat' dir='ltr'><strong>in</strong></span> <span class='ocrx_word' id='word_1_215' title='bbox 1635 1466 1730 1500; x_wconf 80' lang='lat' dir='ltr'><strong>rivos</strong></span> <span class='ocrx_word' id='word_1_216' title='bbox 1757 1466 1869 1501; x_wconf 75' lang='lat' dir='ltr'><strong>dividi</strong></span> <span class='ocrx_word' id='word_1_217' title='bbox 1895 1467 2050 1504; x_wconf 78' lang='lat' dir='ltr'><strong>videtur..</strong></span> 
     </span>
     <span class='ocr_line' id='line_1_20' title="bbox 271 1526 2047 1578; baseline 0 -14"><span class='ocrx_word' id='word_1_218' title='bbox 271 1530 368 1564; x_wconf 81' lang='lat' dir='ltr'><strong>Alter</strong></span> <span class='ocrx_word' id='word_1_219' title='bbox 391 1543 515 1564; x_wconf 81' lang='lat' dir='ltr'><strong>eorum</strong></span> <span class='ocrx_word' id='word_1_220' title='bbox 545 1529 651 1574; x_wconf 73' lang='lat' dir='ltr'><strong>(Tah.</strong></span> <span class='ocrx_word' id='word_1_221' title='bbox 669 1530 695 1565; x_wconf 90' lang='lat' dir='ltr'><strong>l.</strong></span> <span class='ocrx_word' id='word_1_222' title='bbox 724 1531 805 1578; x_wconf 71' lang='lat' dir='ltr'><em>Fig.</em></span> <span class='ocrx_word' id='word_1_223' title='bbox 825 1529 1033 1572; x_wconf 57' lang='lat' dir='ltr'><em>XVILD)</em></span> <span class='ocrx_word' id='word_1_224' title='bbox 1072 1529 1108 1563; x_wconf 86' lang='lat' dir='ltr'><strong>in</strong></span> <span class='ocrx_word' id='word_1_225' title='bbox 1132 1534 1289 1574; x_wconf 82' lang='lat' dir='ltr'><strong>utroque</strong></span> <span class='ocrx_word' id='word_1_226' title='bbox 1313 1526 1626 1573; x_wconf 83' lang='lat' dir='ltr'><strong>cephalothoracis</strong></span> <span class='ocrx_word' id='word_1_227' title='bbox 1653 1527 1762 1562; x_wconf 81' lang='lat' dir='ltr'><strong>latere</strong></span> <span class='ocrx_word' id='word_1_228' title='bbox 1789 1535 1824 1562; x_wconf 80' lang='lat' dir='ltr'><strong>et</strong></span> <span class='ocrx_word' id='word_1_229' title='bbox 1848 1529 1940 1563; x_wconf 80' lang='lat' dir='ltr'><strong>inter</strong></span> <span class='ocrx_word' id='word_1_230' title='bbox 1965 1542 2047 1565; x_wconf 85' lang='lat' dir='ltr'><strong>mu—</strong></span> 
     </span>
     <span class='ocr_line' id='line_1_21' title="bbox 268 1587 2046 1636; baseline 0.001 -12"><span class='ocrx_word' id='word_1_231' title='bbox 268 1591 385 1625; x_wconf 85' lang='lat' dir='ltr'><strong>sculos</strong></span> <span class='ocrx_word' id='word_1_232' title='bbox 410 1592 569 1626; x_wconf 74' lang='lat' dir='ltr'><strong>laterales</strong></span> <span class='ocrx_word' id='word_1_233' title='bbox 596 1591 642 1626; x_wconf 81' lang='lat' dir='ltr'><strong>ad</strong></span> <span class='ocrx_word' id='word_1_234' title='bbox 668 1605 726 1626; x_wconf 85' lang='lat' dir='ltr'><strong>vas</strong></span> <span class='ocrx_word' id='word_1_235' title='bbox 753 1591 913 1626; x_wconf 87' lang='lat' dir='ltr'><strong>medium</strong></span> <span class='ocrx_word' id='word_1_236' title='bbox 940 1590 1030 1624; x_wconf 81' lang='lat' dir='ltr'><strong>scuti</strong></span> <span class='ocrx_word' id='word_1_237' title='bbox 1057 1588 1254 1624; x_wconf 84' lang='lat' dir='ltr'><strong>ascendens</strong></span> <span class='ocrx_word' id='word_1_238' title='bbox 1290 1587 1391 1629; x_wconf 75' lang='lat' dir='ltr'><strong>(Ta-b.</strong></span> <span class='ocrx_word' id='word_1_239' title='bbox 1407 1588 1455 1623; x_wconf 90' lang='lat' dir='ltr'><strong>II.</strong></span> <span class='ocrx_word' id='word_1_240' title='bbox 1481 1588 1624 1636; x_wconf 77' lang='lat' dir='ltr'><strong>Fig.X.</strong></span> <span class='ocrx_word' id='word_1_241' title='bbox 1642 1602 1674 1624; x_wconf 80' lang='lat' dir='ltr'><strong>a.</strong></span> <span class='ocrx_word' id='word_1_242' title='bbox 1691 1588 1742 1633; x_wconf 74' lang='grc' dir='ltr'><strong>ό.)</strong></span> <span class='ocrx_word' id='word_1_243' title='bbox 1770 1590 1962 1626; x_wconf 82' lang='lat' dir='ltr'><strong>branchias</strong></span> <span class='ocrx_word' id='word_1_244' title='bbox 1988 1593 2046 1626; x_wconf 90' lang='lat' dir='ltr'><strong>in-</strong></span> 
     </span>
     <span class='ocr_line' id='line_1_22' title="bbox 267 1649 2045 1700; baseline 0.001 -14"><span class='ocrx_word' id='word_1_245' title='bbox 267 1659 338 1686; x_wconf 79' lang='lat' dir='ltr'><strong>trat</strong></span> <span class='ocrx_word' id='word_1_246' title='bbox 363 1659 398 1686; x_wconf 84' lang='lat' dir='ltr'><strong>ct</strong></span> <span class='ocrx_word' id='word_1_247' title='bbox 422 1666 487 1700; x_wconf 86' lang='lat' dir='ltr'><strong>per</strong></span> <span class='ocrx_word' id='word_1_248' title='bbox 512 1666 619 1688; x_wconf 82' lang='lat' dir='ltr'><strong>venas</strong></span> <span class='ocrx_word' id='word_1_249' title='bbox 646 1653 871 1688; x_wconf 84' lang='lat' dir='ltr'><strong>branchiales</strong></span> <span class='ocrx_word' id='word_1_250' title='bbox 896 1651 942 1687; x_wconf 86' lang='lat' dir='ltr'><strong>ad</strong></span> <span class='ocrx_word' id='word_1_251' title='bbox 965 1651 1200 1686; x_wconf 81' lang='lat' dir='ltr'><strong>ventriculum</strong></span> <span class='ocrx_word' id='word_1_252' title='bbox 1235 1649 1354 1684; x_wconf 86' lang='lat' dir='ltr'><strong>cordis</strong></span> <span class='ocrx_word' id='word_1_253' title='bbox 1377 1661 1552 1684; x_wconf 84' lang='lat' dir='ltr'><strong>venosum</strong></span> <span class='ocrx_word' id='word_1_254' title='bbox 1584 1649 1695 1696; x_wconf 75' lang='lat' dir='ltr'><strong>redi-t,</strong></span> <span class='ocrx_word' id='word_1_255' title='bbox 1727 1652 1815 1686; x_wconf 71' lang='lat' dir='ltr'><strong>alter</strong></span> <span class='ocrx_word' id='word_1_256' title='bbox 1848 1653 1886 1687; x_wconf 86' lang='lat' dir='ltr'><strong>in</strong></span> <span class='ocrx_word' id='word_1_257' title='bbox 1913 1654 2045 1688; x_wconf 85' lang='lat' dir='ltr'><strong>cavita-</strong></span> 
     </span>
     <span class='ocr_line' id='line_1_23' title="bbox 268 1712 2044 1763; baseline 0.002 -16"><span class='ocrx_word' id='word_1_258' title='bbox 268 1719 341 1748; x_wconf 87' lang='lat' dir='ltr'><strong>tem</strong></span> <span class='ocrx_word' id='word_1_259' title='bbox 370 1714 577 1749; x_wconf 82' lang='lat' dir='ltr'><strong>inferiorem</strong></span> <span class='ocrx_word' id='word_1_260' title='bbox 605 1715 749 1756; x_wconf 77' lang='lat' dir='ltr'><strong>(Tab.I.</strong></span> <span class='ocrx_word' id='word_1_261' title='bbox 778 1715 860 1763; x_wconf 72' lang='lat' dir='ltr'><strong>Fig.</strong></span> <span class='ocrx_word' id='word_1_262' title='bbox 881 1713 1012 1749; x_wconf 80' lang='lat' dir='ltr'><em>XVII.</em></span> <span class='ocrx_word' id='word_1_263' title='bbox 1029 1713 1082 1755; x_wconf 84' lang='lat' dir='ltr'><strong>L.)</strong></span> <span class='ocrx_word' id='word_1_264' title='bbox 1117 1713 1286 1757; x_wconf 79' lang='lat' dir='ltr'><strong>vertitur,</strong></span> <span class='ocrx_word' id='word_1_265' title='bbox 1322 1718 1357 1745; x_wconf 80' lang='lat' dir='ltr'><strong>et</strong></span> <span class='ocrx_word' id='word_1_266' title='bbox 1388 1717 1466 1745; x_wconf 82' lang='lat' dir='ltr'><strong>toto</strong></span> <span class='ocrx_word' id='word_1_267' title='bbox 1494 1712 1665 1747; x_wconf 82' lang='lat' dir='ltr'><strong>intestino</strong></span> <span class='ocrx_word' id='word_1_268' title='bbox 1693 1714 1896 1761; x_wconf 86' lang='lat' dir='ltr'><strong>ovariisque</strong></span> <span class='ocrx_word' id='word_1_269' title='bbox 1931 1715 2044 1750; x_wconf 84' lang='lat' dir='ltr'><strong>libere</strong></span> 
     </span>
     <span class='ocr_line' id='line_1_24' title="bbox 268 1772 2040 1821; baseline 0.002 -13"><span class='ocrx_word' id='word_1_270' title='bbox 268 1774 506 1809; x_wconf 76' lang='lat' dir='ltr'><strong>circumfusus</strong></span> <span class='ocrx_word' id='word_1_271' title='bbox 530 1774 575 1809; x_wconf 90' lang='lat' dir='ltr'><strong>ad</strong></span> <span class='ocrx_word' id='word_1_272' title='bbox 602 1783 800 1810; x_wconf 75' lang='lat' dir='ltr'><strong>extremum</strong></span> <span class='ocrx_word' id='word_1_273' title='bbox 828 1787 941 1821; x_wconf 73' lang='lat' dir='ltr'><strong>usque</strong></span> <span class='ocrx_word' id='word_1_274' title='bbox 967 1773 1142 1809; x_wconf 86' lang='lat' dir='ltr'><strong>annulum</strong></span> <span class='ocrx_word' id='word_1_275' title='bbox 1169 1772 1332 1819; x_wconf 76' lang='lat' dir='ltr'><strong>corporis</strong></span> <span class='ocrx_word' id='word_1_276' title='bbox 1359 1772 1525 1818; x_wconf 74' lang='lat' dir='ltr'><strong>pertinet,</strong></span> <span class='ocrx_word' id='word_1_277' title='bbox 1551 1773 1613 1806; x_wconf 90' lang='lat' dir='ltr'><strong>ubi</strong></span> <span class='ocrx_word' id='word_1_278' title='bbox 1637 1786 1717 1808; x_wconf 82' lang='lat' dir='ltr'><strong>vase</strong></span> <span class='ocrx_word' id='word_1_279' title='bbox 1744 1774 1917 1810; x_wconf 87' lang='lat' dir='ltr'><strong>interiore</strong></span> <span class='ocrx_word' id='word_1_280' title='bbox 1945 1783 2040 1811; x_wconf 83' lang='lat' dir='ltr'><strong>setae</strong></span> 
     </span>
     <span class='ocr_line' id='line_1_25' title="bbox 268 1832 2041 1887; baseline 0.001 -17"><span class='ocrx_word' id='word_1_281' title='bbox 268 1835 424 1870; x_wconf 81' lang='lat' dir='ltr'><strong>caudalis</strong></span> <span class='ocrx_word' id='word_1_282' title='bbox 454 1835 558 1882; x_wconf 79' lang='lat' dir='ltr'><strong>(Tczb.</strong></span> <span class='ocrx_word' id='word_1_283' title='bbox 578 1837 626 1874; x_wconf 88' lang='lat' dir='ltr'><strong>II.</strong></span> <span class='ocrx_word' id='word_1_284' title='bbox 652 1835 843 1887; x_wconf 75' lang='lat' dir='ltr'><strong>Fig.XV.</strong></span> <span class='ocrx_word' id='word_1_285' title='bbox 861 1835 898 1872; x_wconf 86' lang='lat' dir='ltr'><strong>S.</strong></span> <span class='ocrx_word' id='word_1_286' title='bbox 924 1854 970 1861; x_wconf 92' lang='lat'>—</span> <span class='ocrx_word' id='word_1_287' title='bbox 1002 1833 1087 1870; x_wconf 78' lang='lat' dir='ltr'><strong>Tab.</strong></span> <span class='ocrx_word' id='word_1_288' title='bbox 1103 1835 1132 1870; x_wconf 92' lang='lat' dir='ltr'><strong>I.</strong></span> <span class='ocrx_word' id='word_1_289' title='bbox 1161 1832 1457 1881; x_wconf 67' lang='lat' dir='ltr'><strong>F1·g.A·l&#39;JI.P.)</strong></span> <span class='ocrx_word' id='word_1_290' title='bbox 1493 1833 1667 1880; x_wconf 76' lang='lat' dir='ltr'><strong>excipitur</strong></span> <span class='ocrx_word' id='word_1_291' title='bbox 1700 1840 1736 1868; x_wconf 74' lang='lat' dir='ltr'><strong>et.</strong></span> <span class='ocrx_word' id='word_1_292' title='bbox 1759 1846 1839 1869; x_wconf 80' lang='lat' dir='ltr'><strong>vase</strong></span> <span class='ocrx_word' id='word_1_293' title='bbox 1866 1837 2041 1872; x_wconf 70' lang='lat' dir='ltr'><strong>exteriore</strong></span> 
     </span>
     <span class='ocr_line' id='line_1_26' title="bbox 267 1894 2037 1947; baseline 0.002 -16"><span class='ocrx_word' id='word_1_294' title='bbox 267 1897 370 1937; x_wconf 70' lang='lat' dir='ltr'><strong>(Tah.</strong></span> <span class='ocrx_word' id='word_1_295' title='bbox 385 1897 434 1932; x_wconf 91' lang='lat' dir='ltr'><strong>Il.</strong></span> <span class='ocrx_word' id='word_1_296' title='bbox 460 1897 705 1947; x_wconf 68' lang='lat' dir='ltr'><em>Fig.XV.R.</em></span> <span class='ocrx_word' id='word_1_297' title='bbox 723 1917 768 1924; x_wconf 89' lang='lat'><strong>——·</strong></span> <span class='ocrx_word' id='word_1_298' title='bbox 787 1897 874 1934; x_wconf 73' lang='lat' dir='ltr'><em>Tuh.</em></span> <span class='ocrx_word' id='word_1_299' title='bbox 895 1898 922 1933; x_wconf 89' lang='lat' dir='ltr'><strong>I.</strong></span> <span class='ocrx_word' id='word_1_300' title='bbox 945 1898 1027 1946; x_wconf 77' lang='lat' dir='ltr'><strong>Fig..</strong></span> <span class='ocrx_word' id='word_1_301' title='bbox 1043 1895 1175 1931; x_wconf 85' lang='lat' dir='ltr'><em>XVII.</em></span> <span class='ocrx_word' id='word_1_302' title='bbox 1195 1896 1249 1945; x_wconf 78' lang='lat' dir='ltr'><strong>Q.)</strong></span> <span class='ocrx_word' id='word_1_303' title='bbox 1284 1895 1320 1929; x_wconf 92' lang='lat' dir='ltr'><strong>in</strong></span> <span class='ocrx_word' id='word_1_304' title='bbox 1352 1894 1538 1929; x_wconf 72' lang='lat' dir='ltr'><strong>cavitatem</strong></span> <span class='ocrx_word' id='word_1_305' title='bbox 1571 1894 1778 1930; x_wconf 82' lang='lat' dir='ltr'><strong>abdominis</strong></span> <span class='ocrx_word' id='word_1_306' title='bbox 1812 1898 2037 1944; x_wconf 83' lang='lat' dir='ltr'><strong>superiorem</strong></span> 
     </span>
     <span class='ocr_line' id='line_1_27' title="bbox 266 1956 2041 2007; baseline 0.001 -15"><span class='ocrx_word' id='word_1_307' title='bbox 266 1959 487 1993; x_wconf 72' lang='lat' dir='ltr'><strong>transfert-ur.v</strong></span> <span class='ocrx_word' id='word_1_308' title='bbox 536 1961 638 1994; x_wconf 85' lang='lat' dir='ltr'><strong>Hunc</strong></span> <span class='ocrx_word' id='word_1_309' title='bbox 662 1960 843 2007; x_wconf 76' lang='lat' dir='ltr'><strong>sanguinis</strong></span> <span class='ocrx_word' id='word_1_310' title='bbox 878 1972 1019 1994; x_wconf 84' lang='lat' dir='ltr'><strong>cursum</strong></span> <span class='ocrx_word' id='word_1_311' title='bbox 1047 1971 1104 1993; x_wconf 84' lang='lat' dir='ltr'><strong>me</strong></span> <span class='ocrx_word' id='word_1_312' title='bbox 1141 1958 1226 2004; x_wconf 78' lang='lat' dir='ltr'><strong>ipsis</strong></span> <span class='ocrx_word' id='word_1_313' title='bbox 1262 1957 1301 1991; x_wconf 88' lang='lat' dir='ltr'><strong>in.</strong></span> <span class='ocrx_word' id='word_1_314' title='bbox 1334 1956 1421 1990; x_wconf 87' lang='lat' dir='ltr'><strong>vivis</strong></span> <span class='ocrx_word' id='word_1_315' title='bbox 1455 1957 1670 1992; x_wconf 82' lang='lat' dir='ltr'><strong>animalibus</strong></span> <span class='ocrx_word' id='word_1_316' title='bbox 1706 1958 1932 2005; x_wconf 77' lang='lat' dir='ltr'><strong>observasse,</strong></span> <span class='ocrx_word' id='word_1_317' title='bbox 1967 1960 2041 1994; x_wconf 72' lang='lat' dir='ltr'><strong>ian}</strong></span> 
     </span>
     <span class='ocr_line' id='line_1_28' title="bbox 266 2017 2038 2069; baseline 0.001 -15"><span class='ocrx_word' id='word_1_318' title='bbox 266 2031 372 2067; x_wconf 85' lang='lat' dir='ltr'><strong>supra</strong></span> <span class='ocrx_word' id='word_1_319' title='bbox 399 2021 536 2055; x_wconf 85' lang='lat' dir='ltr'><strong>monui.</strong></span> <span class='ocrx_word' id='word_1_320' title='bbox 589 2022 807 2069; x_wconf 79' lang='lat' dir='ltr'><strong>Plerumque</strong></span> <span class='ocrx_word' id='word_1_321' title='bbox 834 2021 943 2056; x_wconf 83' lang='lat' dir='ltr'><strong>etiam</strong></span> <span class='ocrx_word' id='word_1_322' title='bbox 967 2027 1044 2055; x_wconf 77' lang='lat' dir='ltr'><strong>tota</strong></span> <span class='ocrx_word' id='word_1_323' title='bbox 1069 2020 1198 2054; x_wconf 81' lang='lat' dir='ltr'><strong>cavitas</strong></span> <span class='ocrx_word' id='word_1_324' title='bbox 1222 2017 1429 2052; x_wconf 79' lang='lat' dir='ltr'><strong>abdominis</strong></span> <span class='ocrx_word' id='word_1_325' title='bbox 1455 2017 1602 2052; x_wconf 72' lang='lat' dir='ltr'><strong>inferior</strong></span> <span class='ocrx_word' id='word_1_326' title='bbox 1630 2019 1674 2053; x_wconf 89' lang='lat' dir='ltr'><strong>ab</strong></span> <span class='ocrx_word' id='word_1_327' title='bbox 1695 2020 1824 2055; x_wconf 85' lang='lat' dir='ltr'><strong>ovariis</strong></span> <span class='ocrx_word' id='word_1_328' title='bbox 1850 2021 1895 2055; x_wconf 86' lang='lat' dir='ltr'><strong>ad</strong></span> <span class='ocrx_word' id='word_1_329' title='bbox 1923 2029 2038 2057; x_wconf 77' lang='lat' dir='ltr'><strong>extre-</strong></span> 
     </span>
     <span class='ocr_line' id='line_1_29' title="bbox 267 2080 2041 2130; baseline -0.001 -16"><span class='ocrx_word' id='word_1_330' title='bbox 267 2081 427 2116; x_wconf 81' lang='lat' dir='ltr'><strong>mitatem</strong></span> <span class='ocrx_word' id='word_1_331' title='bbox 454 2095 568 2130; x_wconf 82' lang='lat' dir='ltr'><strong>usque</strong></span> <span class='ocrx_word' id='word_1_332' title='bbox 595 2084 757 2130; x_wconf 78' lang='lat' dir='ltr'><strong>corporis</strong></span> <span class='ocrx_word' id='word_1_333' title='bbox 782 2083 954 2130; x_wconf 74' lang='lat' dir='ltr'><strong>sanguine</strong></span> <span class='ocrx_word' id='word_1_334' title='bbox 979 2082 1163 2129; x_wconf 77' lang='lat' dir='ltr'><strong>coagulato</strong></span> <span class='ocrx_word' id='word_1_335' title='bbox 1185 2081 1320 2127; x_wconf 77' lang='lat' dir='ltr'><strong>repleta</strong></span> <span class='ocrx_word' id='word_1_336' title='bbox 1346 2086 1407 2114; x_wconf 81' lang='lat' dir='ltr'><strong>est.</strong></span> <span class='ocrx_word' id='word_1_337' title='bbox 1448 2097 1494 2104; x_wconf 93' lang='lat'>—</span> <span class='ocrx_word' id='word_1_338' title='bbox 1536 2080 1647 2124; x_wconf 86' lang='lat' dir='ltr'><strong>Quod</strong></span> <span class='ocrx_word' id='word_1_339' title='bbox 1680 2088 1799 2117; x_wconf 77' lang='lat' dir='ltr'><strong>autem</strong></span> <span class='ocrx_word' id='word_1_340' title='bbox 1834 2083 1960 2117; x_wconf 68' lang='lat' dir='ltr'><strong>attinet,</strong></span> <span class='ocrx_word' id='word_1_341' title='bbox 1993 2084 2041 2118; x_wconf 70' lang='lat' dir='ltr'><strong>ad</strong></span> 
     </span>
     <span class='ocr_line' id='line_1_30' title="bbox 267 2141 2042 2192; baseline 0.003 -17"><span class='ocrx_word' id='word_1_342' title='bbox 267 2154 326 2175; x_wconf 75' lang='lat' dir='ltr'><strong>vas</strong></span> <span class='ocrx_word' id='word_1_343' title='bbox 351 2144 438 2178; x_wconf 76' lang='lat' dir='ltr'><strong>scuti</strong></span> <span class='ocrx_word' id='word_1_344' title='bbox 459 2144 633 2190; x_wconf 72' lang='lat' dir='ltr'><strong>medium,</strong></span> <span class='ocrx_word' id='word_1_345' title='bbox 662 2144 764 2192; x_wconf 87' lang='lat' dir='ltr'><strong>quod</strong></span> <span class='ocrx_word' id='word_1_346' title='bbox 790 2157 848 2179; x_wconf 85' lang='lat' dir='ltr'><strong>vas</strong></span> <span class='ocrx_word' id='word_1_347' title='bbox 875 2144 1025 2178; x_wconf 77' lang='lat' dir='ltr'><strong>afferens</strong></span> <span class='ocrx_word' id='word_1_348' title='bbox 1050 2144 1126 2178; x_wconf 84' lang='lat' dir='ltr'><strong>sive</strong></span> <span class='ocrx_word' id='word_1_349' title='bbox 1147 2142 1312 2177; x_wconf 73' lang='lat' dir='ltr'><strong>arteriam</strong></span> <span class='ocrx_word' id='word_1_350' title='bbox 1342 2141 1591 2176; x_wconf 77' lang='lat' dir='ltr'><strong>branchialem·</strong></span> <span class='ocrx_word' id='word_1_351' title='bbox 1617 2144 1892 2189; x_wconf 65' lang='lat' dir='ltr'><strong>nomina-vimus,</strong></span> <span class='ocrx_word' id='word_1_352' title='bbox 1915 2157 1970 2179; x_wconf 83' lang='lat' dir='ltr'><strong>res</strong></span> <span class='ocrx_word' id='word_1_353' title='bbox 1991 2146 2042 2181; x_wconf 73' lang='lat' dir='ltr'><strong>ita·</strong></span> 
     </span>
     <span class='ocr_line' id='line_1_31' title="bbox 267 2202 2037 2254; baseline 0.003 -19"><span class='ocrx_word' id='word_1_354' title='bbox 267 2215 305 2237; x_wconf 84' lang='lat' dir='ltr'><strong>se</strong></span> <span class='ocrx_word' id='word_1_355' title='bbox 328 2203 460 2239; x_wconf 63' lang='lat' dir='ltr'><strong>habere</strong></span> <span class='ocrx_word' id='word_1_356' title='bbox 487 2206 638 2240; x_wconf 60' lang='lat' dir='ltr'><strong>videtur.</strong></span> <span class='ocrx_word' id='word_1_357' title='bbox 692 2207 766 2242; x_wconf 79' lang='lat' dir='ltr'><strong>lam</strong></span> <span class='ocrx_word' id='word_1_358' title='bbox 791 2219 898 2254; x_wconf 82' lang='lat' dir='ltr'><strong>supra</strong></span> <span class='ocrx_word' id='word_1_359' title='bbox 924 2203 1079 2241; x_wconf 82' lang='lat' dir='ltr'><strong>vidimus</strong></span> <span class='ocrx_word' id='word_1_360' title='bbox 1114 2204 1273 2238; x_wconf 83' lang='lat' dir='ltr'><strong>canalem</strong></span> <span class='ocrx_word' id='word_1_361' title='bbox 1309 2203 1398 2237; x_wconf 83' lang='lat' dir='ltr'><strong>scuti</strong></span> <span class='ocrx_word' id='word_1_362' title='bbox 1426 2202 1589 2238; x_wconf 86' lang='lat' dir='ltr'><strong>medium</strong></span> <span class='ocrx_word' id='word_1_363' title='bbox 1625 2204 1730 2248; x_wconf 71' lang='grc' dir='ltr'>(Ταῦ.</span> <span class='ocrx_word' id='word_1_364' title='bbox 1748 2205 1796 2240; x_wconf 91' lang='lat' dir='ltr'><strong>ll.</strong></span> <span class='ocrx_word' id='word_1_365' title='bbox 1822 2206 1905 2253; x_wconf 72' lang='lat' dir='ltr'><strong>Fig.</strong></span> <span class='ocrx_word' id='word_1_366' title='bbox 1923 2207 1971 2241; x_wconf 86' lang='lat' dir='ltr'><strong>X.</strong></span> <span class='ocrx_word' id='word_1_367' title='bbox 1985 2206 2037 2249; x_wconf 74' lang='grc' dir='ltr'>θ’.)</span> 
     </span>
     <span class='ocr_line' id='line_1_32' title="bbox 267 2263 2038 2316; baseline 0.003 -17"><span class='ocrx_word' id='word_1_368' title='bbox 267 2272 368 2312; x_wconf 83' lang='lat' dir='ltr'><strong>parte</strong></span> <span class='ocrx_word' id='word_1_369' title='bbox 391 2268 568 2302; x_wconf 83' lang='lat' dir='ltr'><strong>anteriore</strong></span> <span class='ocrx_word' id='word_1_370' title='bbox 604 2269 815 2303; x_wconf 80' lang='lat' dir='ltr'><strong>membrana</strong></span> <span class='ocrx_word' id='word_1_371' title='bbox 848 2267 1019 2316; x_wconf 87' lang='lat' dir='ltr'><strong>peculiari</strong></span> <span class='ocrx_word' id='word_1_372' title='bbox 1055 2266 1270 2300; x_wconf 83' lang='lat' dir='ltr'><strong>instructum·</strong></span> <span class='ocrx_word' id='word_1_373' title='bbox 1301 2277 1375 2299; x_wconf 86' lang='lat' dir='ltr'><strong>esse</strong></span> <span class='ocrx_word' id='word_1_374' title='bbox 1410 2263 1523 2298; x_wconf 86' lang='lat' dir='ltr'><strong>videri</strong></span> <span class='ocrx_word' id='word_1_375' title='bbox 1558 2264 1658 2306; x_wconf 77' lang='lat' dir='ltr'><strong>(ibid.</strong></span> <span class='ocrx_word' id='word_1_376' title='bbox 1684 2266 1732 2307; x_wconf 82' lang='lat' dir='ltr'><strong>a.)</strong></span> <span class='ocrx_word' id='word_1_377' title='bbox 1769 2272 1806 2300; x_wconf 75' lang='lat' dir='ltr'><strong>et,</strong></span> <span class='ocrx_word' id='word_1_378' title='bbox 1837 2267 1913 2301; x_wconf 88' lang='lat' dir='ltr'><strong>basi</strong></span> <span class='ocrx_word' id='word_1_379' title='bbox 1947 2270 2038 2304; x_wconf 80' lang='lat' dir='ltr'><strong>scuti</strong></span> 
     </span>
     <span class='ocr_line' id='line_1_33' title="bbox 269 2325 2035 2375; baseline 0.002 -15"><span class='ocrx_word' id='word_1_380' title='bbox 269 2325 411 2361; x_wconf 83' lang='lat' dir='ltr'><strong>duobus</strong></span> <span class='ocrx_word' id='word_1_381' title='bbox 437 2329 542 2363; x_wconf 86' lang='lat' dir='ltr'><strong>ramis</strong></span> <span class='ocrx_word' id='word_1_382' title='bbox 567 2342 679 2365; x_wconf 78' lang='lat' dir='ltr'><strong>venae</strong></span> <span class='ocrx_word' id='word_1_383' title='bbox 705 2330 923 2365; x_wconf 85' lang='lat' dir='ltr'><strong>branchialis</strong></span> <span class='ocrx_word' id='word_1_384' title='bbox 948 2328 1047 2372; x_wconf 74' lang='lat' dir='ltr'><strong>(ibid.</strong></span> <span class='ocrx_word' id='word_1_385' title='bbox 1075 2326 1109 2363; x_wconf 86' lang='lat' dir='ltr'><strong>b.</strong></span> <span class='ocrx_word' id='word_1_386' title='bbox 1138 2325 1183 2368; x_wconf 81' lang='lat' dir='ltr'><strong>h.)</strong></span> <span class='ocrx_word' id='word_1_387' title='bbox 1211 2325 1386 2361; x_wconf 76' lang='lat' dir='ltr'><strong>adiacere.</strong></span> <span class='ocrx_word' id='word_1_388' title='bbox 1427 2326 1454 2360; x_wconf 95' lang='lat' dir='ltr'><strong>A</strong></span> <span class='ocrx_word' id='word_1_389' title='bbox 1483 2326 1615 2373; x_wconf 87' lang='lat' dir='ltr'><strong>quibus</strong></span> <span class='ocrx_word' id='word_1_390' title='bbox 1635 2327 1797 2373; x_wconf 70' lang='lat' dir='ltr'><strong>partibus</strong></span> <span class='ocrx_word' id='word_1_391' title='bbox 1823 2341 1936 2375; x_wconf 81' lang='lat' dir='ltr'><strong>quum</strong></span> <span class='ocrx_word' id='word_1_392' title='bbox 1963 2331 2035 2364; x_wconf 90' lang='lat' dir='ltr'><strong>sol-</strong></span> 
     </span>
     <span class='ocr_line' id='line_1_34' title="bbox 266 2387 2035 2438; baseline 0.002 -17"><span class='ocrx_word' id='word_1_393' title='bbox 266 2399 349 2422; x_wconf 72' lang='lat' dir='ltr'><strong>vere</strong></span> <span class='ocrx_word' id='word_1_394' title='bbox 372 2395 407 2422; x_wconf 79' lang='lat' dir='ltr'><strong>et</strong></span> <span class='ocrx_word' id='word_1_395' title='bbox 429 2388 630 2437; x_wconf 73' lang='lat' dir='ltr'><strong>disiungere</strong></span> <span class='ocrx_word' id='word_1_396' title='bbox 656 2404 820 2438; x_wconf 76' lang='lat' dir='ltr'><strong>conarer,</strong></span> <span class='ocrx_word' id='word_1_397' title='bbox 848 2391 922 2426; x_wconf 83' lang='lat' dir='ltr'><strong>vidi</strong></span> <span class='ocrx_word' id='word_1_398' title='bbox 944 2403 1004 2426; x_wconf 84' lang='lat' dir='ltr'><strong>vas</strong></span> <span class='ocrx_word' id='word_1_399' title='bbox 1030 2390 1150 2437; x_wconf 86' lang='lat' dir='ltr'><strong>ipsum</strong></span> <span class='ocrx_word' id='word_1_400' title='bbox 1176 2388 1223 2422; x_wconf 86' lang='lat' dir='ltr'><strong>ab</strong></span> <span class='ocrx_word' id='word_1_401' title='bbox 1247 2388 1319 2422; x_wconf 91' lang='lat' dir='ltr'><strong>hoc</strong></span> <span class='ocrx_word' id='word_1_402' title='bbox 1341 2387 1422 2421; x_wconf 87' lang='lat' dir='ltr'><strong>loco</strong></span> <span class='ocrx_word' id='word_1_403' title='bbox 1448 2387 1495 2421; x_wconf 86' lang='lat' dir='ltr'><strong>ad</strong></span> <span class='ocrx_word' id='word_1_404' title='bbox 1521 2388 1609 2421; x_wconf 76' lang='lat' dir='ltr'><strong>latus</strong></span> <span class='ocrx_word' id='word_1_405' title='bbox 1635 2388 1947 2435; x_wconf 75' lang='lat' dir='ltr'><strong>cephalothoracis</strong></span> <span class='ocrx_word' id='word_1_406' title='bbox 1970 2390 2035 2425; x_wconf 85' lang='lat' dir='ltr'><strong>de-</strong></span> 
     </span>
     <span class='ocr_line' id='line_1_35' title="bbox 267 2448 2034 2498; baseline 0.002 -14"><span class='ocrx_word' id='word_1_407' title='bbox 267 2450 458 2497; x_wconf 71' lang='lat' dir='ltr'><strong>scendere,</strong></span> <span class='ocrx_word' id='word_1_408' title='bbox 488 2453 593 2488; x_wconf 87' lang='lat' dir='ltr'><strong>simul</strong></span> <span class='ocrx_word' id='word_1_409' title='bbox 625 2461 745 2489; x_wconf 79' lang='lat' dir='ltr'><strong>autem</strong></span> <span class='ocrx_word' id='word_1_410' title='bbox 774 2452 988 2489; x_wconf 83' lang='lat' dir='ltr'><strong>circumdari</strong></span> <span class='ocrx_word' id='word_1_411' title='bbox 1020 2451 1149 2486; x_wconf 64' lang='lat' dir='ltr'><strong>tabu-10</strong></span> <span class='ocrx_word' id='word_1_412' title='bbox 1186 2448 1350 2496; x_wconf 76' lang='lat' dir='ltr'><strong>quodam</strong></span> <span class='ocrx_word' id='word_1_413' title='bbox 1386 2449 1686 2495; x_wconf 83' lang='lat' dir='ltr'><strong>membranaceo,</strong></span> <span class='ocrx_word' id='word_1_414' title='bbox 1725 2451 1787 2498; x_wconf 86' lang='lat' dir='ltr'><strong>qui</strong></span> <span class='ocrx_word' id='word_1_415' title='bbox 1824 2453 2034 2487; x_wconf 80' lang='lat' dir='ltr'><strong>membrana</strong></span> 
     </span>
     <span class='ocr_line' id='line_1_36' title="bbox 266 2509 2032 2563; baseline 0.001 -17"><span class='ocrx_word' id='word_1_416' title='bbox 266 2513 356 2547; x_wconf 79' lang='lat' dir='ltr'><strong>scuti</strong></span> <span class='ocrx_word' id='word_1_417' title='bbox 383 2513 555 2548; x_wconf 83' lang='lat' dir='ltr'><strong>inferiore</strong></span> <span class='ocrx_word' id='word_1_418' title='bbox 584 2515 606 2549; x_wconf 93' lang='lat' dir='ltr'><strong>i.</strong></span> <span class='ocrx_word' id='word_1_419' title='bbox 635 2528 665 2549; x_wconf 88' lang='lat' dir='ltr'><strong>e.</strong></span> <span class='ocrx_word' id='word_1_420' title='bbox 695 2522 904 2563; x_wconf 82' lang='lat' dir='ltr'><strong>tegumento</strong></span> <span class='ocrx_word' id='word_1_421' title='bbox 932 2513 1094 2561; x_wconf 87' lang='lat' dir='ltr'><strong>corporis</strong></span> <span class='ocrx_word' id='word_1_422' title='bbox 1125 2517 1271 2545; x_wconf 75' lang='lat' dir='ltr'><strong>externo</strong></span> <span class='ocrx_word' id='word_1_423' title='bbox 1308 2510 1385 2556; x_wconf 81' lang='lat' dir='ltr'><strong>ipso</strong></span> <span class='ocrx_word' id='word_1_424' title='bbox 1418 2509 1562 2543; x_wconf 82' lang='lat' dir='ltr'><strong>effectus</strong></span> <span class='ocrx_word' id='word_1_425' title='bbox 1589 2522 1664 2544; x_wconf 87' lang='lat' dir='ltr'><strong>esse</strong></span> <span class='ocrx_word' id='word_1_426' title='bbox 1697 2511 1895 2546; x_wconf 83' lang='lat' dir='ltr'><strong>videbatur.</strong></span> <span class='ocrx_word' id='word_1_427' title='bbox 1948 2513 2032 2558; x_wconf 83' lang='lat' dir='ltr'><strong>Quo</strong></span> 
     </span>
     <span class='ocr_line' id='line_1_37' title="bbox 266 2570 2035 2623; baseline 0.002 -14"><span class='ocrx_word' id='word_1_428' title='bbox 266 2574 392 2610; x_wconf 82' lang='lat' dir='ltr'><strong>tubulo</strong></span> <span class='ocrx_word' id='word_1_429' title='bbox 419 2582 564 2623; x_wconf 80' lang='lat' dir='ltr'><strong>aperto,</strong></span> <span class='ocrx_word' id='word_1_430' title='bbox 597 2575 686 2612; x_wconf 74' lang='lat' dir='ltr'><strong>illud</strong></span> <span class='ocrx_word' id='word_1_431' title='bbox 709 2589 769 2612; x_wconf 84' lang='lat' dir='ltr'><strong>vas</strong></span> <span class='ocrx_word' id='word_1_432' title='bbox 794 2589 881 2613; x_wconf 72' lang='lat' dir='ltr'><strong>mox</strong></span> <span class='ocrx_word' id='word_1_433' title='bbox 903 2577 1015 2613; x_wconf 87' lang='lat' dir='ltr'><strong>libere</strong></span> <span class='ocrx_word' id='word_1_434' title='bbox 1047 2581 1083 2610; x_wconf 81' lang='lat' dir='ltr'><strong>et</strong></span> <span class='ocrx_word' id='word_1_435' title='bbox 1107 2579 1234 2620; x_wconf 73' lang='lat' dir='ltr'><strong>aperto</strong></span> <span class='ocrx_word' id='word_1_436' title='bbox 1256 2572 1350 2607; x_wconf 80' lang='lat' dir='ltr'><strong>ostio</strong></span> <span class='ocrx_word' id='word_1_437' title='bbox 1378 2570 1563 2618; x_wconf 53' lang='lat' dir='ltr'><strong>d&gt;csinivit3</strong></span> <span class='ocrx_word' id='word_1_438' title='bbox 1596 2572 1654 2607; x_wconf 87' lang='lat' dir='ltr'><strong>ille</strong></span> <span class='ocrx_word' id='word_1_439' title='bbox 1681 2580 1798 2608; x_wconf 81' lang='lat' dir='ltr'><strong>autem</strong></span> <span class='ocrx_word' id='word_1_440' title='bbox 1825 2575 1969 2611; x_wconf 76' lang='lat' dir='ltr'><strong>tubulus</strong></span> <span class='ocrx_word' id='word_1_441' title='bbox 1995 2577 2035 2612; x_wconf 88' lang='lat' dir='ltr'><strong>in</strong></span> 
     </span>
    </p>
   </div>
   <div class='ocr_carea' id='block_1_3' title="bbox 1667 2631 1691 2667">
    <p class='ocr_par' dir='ltr' id='par_1_3' title="bbox 1667 2631 1691 2667">
     <span class='ocr_line' id='line_1_38' title="bbox 1667 2631 1691 2667; baseline 0 0"><span class='ocrx_word' id='word_1_442' title='bbox 1667 2631 1691 2667; x_wconf 68' lang='lat'>4</span> 
     </span>
    </p>
   </div>
  </div>
 </body>
</html>
