2419 2972
1110 304 1357 340 —62—

352 404 502 452 adeptus
529 411 592 449 est,
621 415 729 450 quam
756 414 862 450 supra
887 400 1163 448 descripsimus,
1189 400 1251 435 sed
1279 402 1301 435 ii
1329 410 1536 448 processus,
1563 399 1624 445 qui
1651 398 1721 432 iam
1750 399 1879 433 evoluti
1905 405 1986 433 sunt
2019 398 2117 438 (ibid.

352 480 388 501 v.
413 470 473 510 z.),
505 466 700 499 maioribus
733 471 871 499 tantum
900 463 1079 497 canalibus
1104 462 1322 510 glandulosis
1359 460 1464 505 (Tah.
1484 461 1512 496 I.
1538 461 1621 509 Fig.
1637 460 1682 494 X.
1712 466 1746 494 et
1770 460 1875 495 XIII.
1894 462 1940 502 ci.)
1968 472 2119 507 respon—

355 526 452 562 dent.
498 528 651 561 Minores
677 534 793 562 autem
819 537 1005 573 processus
1033 538 1073 559 ex
1100 525 1155 559 his
1182 525 1266 572 ipsis
1292 525 1360 558 hac
1378 524 1524 558 demum
1553 521 1767 557 evolutionis
1784 521 1935 568 periodo
1956 523 2118 566 existunt,

356 597 389 623 et
416 589 554 636 priores
581 588 728 635 quidem
758 589 793 633 ii,
820 588 882 634 qui
910 588 947 621 in
975 587 1141 621 inferiore
1167 587 1353 620 ventriculi
1383 592 1482 632 parte
1508 585 1564 619 siti
1591 591 1682 618 sunt.
1724 582 1888 617 Ceterum
1915 589 2025 617 totam
2055 596 2120 630 per

353 651 460 684 vitam
488 650 667 694 animalis,
692 657 730 684 ut
752 662 858 697 supra
883 649 953 684 iam
982 648 1117 683 dictum
1145 655 1222 693 est,
1257 648 1474 682 ventriculus
1501 647 1704 681 recentibus
1729 646 1948 680 membranis
1977 646 2119 680 vestitur

354 718 388 745 et
413 711 527 746 forma
554 718 804 745 commutatur.

452 773 618 819 Denique
649 771 783 821 pedum
817 771 1101 807 abdominaliwn
1139 782 1308 805 numerus
1342 768 1505 804 nondum
1538 770 1736 817 completus
1770 777 1842 815 est,
1880 768 1943 804 sed
1977 770 2120 814 sensim,

354 842 546 882 postquam
575 835 715 881 saepius
740 841 828 868 testa
855 840 1073 867 commutata
1101 840 1163 877 est,
1192 833 1413 866 evolvuntur.
1465 832 1503 865 ln
1530 831 1756 876 animalibus,
1783 843 1875 878 quae
1893 843 2022 865 novem
2047 831 2120 865 sere

354 897 526 930 linearum
562 895 785 942 longitudine
821 902 940 941 erant,
975 895 1237 942 quinquaginta
1270 893 1405 941 pedum
1438 894 1537 940 paria
1574 894 1716 940 reperi,
1750 906 1902 940 quorum
1937 900 2119 940 postrema

355 957 456 990 valde
478 957 685 1003 imperfecta
712 964 746 991 et
771 963 868 991 tanta
891 957 1062 1003 parvitate
1090 963 1202 1000 erant,
1229 962 1267 988 ut
1293 956 1347 988 vix
1371 955 1530 1000 conspici
1559 961 1715 1000 possent.
1751 954 1855 988 Plura
1874 960 1990 988 autem
2009 966 2117 1000 quam

354 1019 532 1065 sexaginta
559 1019 658 1065 paria
684 1019 720 1052 in
749 1017 877 1052 adultis
904 1018 1009 1052 etiam
1037 1018 1249 1052 animalibus
1278 1029 1351 1050 non
1378 1015 1525 1062 reperiri
1553 1015 1728 1049 videntur.

450 1083 478 1118 ἓ.
507 1083 565 1114 52.
617 1079 827 1127 Respiratio
852 1080 887 1113 in
914 1080 956 1113 iis
982 1080 1196 1113 iuvenilibus
1223 1078 1457 1122 animalibus,
1489 1090 1581 1124 quae
1607 1077 1719 1111 modo
1753 1090 1859 1111 ovum
1886 1078 2119 1123 reliquerunt,

350 1153 416 1187 per
438 1141 547 1175 totius
573 1141 735 1187 corporis
762 1148 878 1175 cutem
908 1141 1026 1175 adhuc
1050 1147 1210 1175 teneram
1239 1139 1330 1173 ellici
1357 1139 1517 1184 videtur,
1554 1152 1635 1173 nam
1664 1139 1857 1173 branchiae
1884 1138 2037 1185 pedibus
2063 1139 2120 1173 in-

351 1203 437 1237 sitae
465 1203 531 1236 hac
554 1203 670 1250 prima
698 1203 912 1237 evolutionis
943 1202 1095 1249 periodo
1131 1202 1294 1236 nondum
1323 1201 1483 1235 evolutae
1517 1208 1616 1246 sunt,
1651 1207 1789 1235 scutum
1824 1207 1943 1234 autem
1970 1212 2119 1247 parvum

353 1263 676 1310 imperfectumque
705 1269 765 1296 est.
818 1262 1018 1310 Sanguinis
1045 1276 1194 1310 quoque
1219 1265 1394 1298 circuitus
1420 1263 1491 1298 hoc
1516 1270 1681 1310 tompore
1708 1275 1747 1296 ex
1763 1263 1881 1309 aliqua
1904 1269 2003 1310 parte
2020 1275 2122 1297 com-

356 1325 484 1359 mutari
511 1324 663 1370 videtur,
691 1337 764 1372 quo
792 1337 862 1358 una
889 1337 969 1358 cum
998 1325 1109 1359 oculis
1135 1326 1344 1372 compositis
1370 1326 1580 1359 membrana
1612 1337 1673 1358 eos
1700 1324 1925 1359 circumdans
1952 1325 2080 1359 existit.

452 1386 502 1420 De
535 1398 725 1421 nervorum
758 1386 959 1421 evolutione
991 1387 1102 1420 nullas
1137 1387 1285 1434 quidem
1317 1388 1435 1421 habco
1476 1387 1764 1432 observationes,
1799 1386 1862 1421 sed
1898 1387 1926 1420 si
1961 1387 2122 1434 ganglio-

353 1460 434 1481 rum
458 1449 668 1482 ventralium
693 1449 841 1493 seriem,
875 1460 966 1494 quae
995 1449 1031 1482 in
1058 1448 1186 1483 adultis
1213 1449 1425 1483 animalibus
1452 1450 1646 1496 reperitur,
1680 1449 1986 1496 contemplamur,
2015 1448 2122 1483 dubi-

352 1508 420 1543 tari
447 1521 522 1543 non
548 1516 678 1556 potest,
703 1509 791 1556 quin
818 1510 952 1556 singula
977 1511 1113 1558 ganglia
1141 1523 1213 1545 una
1240 1523 1320 1545 cum
1348 1510 1502 1558 pedibus
1528 1512 1746 1556 evolvantur,
1770 1517 1804 1545 et
1831 1523 1904 1558 quo
1931 1510 2123 1557 perfectio—

354 1582 432 1604 rem
455 1569 607 1604 formam
636 1571 798 1617 corporis
830 1577 946 1617 partes
973 1572 1168 1618 accipiant,
1202 1585 1244 1606 eo
1272 1573 1412 1620 longius
1439 1573 1532 1607 inter
1557 1585 1594 1607 se
1621 1580 1656 1607 et
1681 1573 1808 1620 singuli
1835 1572 1922 1607 nodi
1950 1572 2121 1617 laterales,

356 1632 419 1678 qui
444 1644 555 1666 unum
584 1633 806 1679 gangliorum
832 1645 897 1679 par
924 1640 1159 1680 componant,
1185 1641 1220 1668 et
1246 1635 1321 1681 ipsa
1347 1636 1568 1682 gangliorum
1592 1636 1691 1682 paria
1718 1641 1980 1669 removeantur.
2026 1634 2122 1667 Lon-

355 1693 496 1739 gissime
521 1694 616 1727 enim
644 1694 735 1728 inter
761 1706 796 1728 se
822 1695 949 1728 remoti
977 1702 1058 1728 sunt
1084 1708 1275 1729 nervorum
1304 1695 1390 1729 nodi
1418 1696 1614 1741 thoracici,
1643 1697 1727 1742 quia
1755 1702 1789 1729 et
1814 1695 1924 1742 pedes
1949 1694 2121 1728 thoracici

356 1762 389 1787 ct
417 1755 487 1788 oris
515 1762 632 1801 partes
659 1755 727 1789 iam
756 1756 792 1790 in
822 1756 1034 1790 iuvenilibus
1060 1757 1273 1791 animalibus
1307 1757 1454 1803 perfecti
1486 1757 1737 1802 inveniuntur,
1771 1764 1896 1791 contra
1921 1756 2119 1803 posteriora

354 1817 491 1863 ganglia
518 1817 761 1851 abdominalia
791 1830 988 1865 numquam
1017 1819 1109 1852 inter
1135 1831 1170 1852 se
1198 1818 1472 1865 disiunguntur,
1509 1819 1594 1866 quia
1619 1818 1791 1865 postremi
1817 1817 1927 1865 pedes
1953 1816 2121 1851 abdomi-

360 1879 453 1912 nales
478 1880 575 1925 parvi
601 1886 635 1912 et
661 1879 858 1926 imperfecti
887 1887 998 1914 totam
1024 1893 1090 1927 per
1115 1881 1222 1915 vitam
1250 1881 1410 1914 animalis
1437 1887 1634 1914 remanent.
1680 1879 1790 1923 Quod
1818 1879 1951 1913 idcirco
1980 1889 2120 1911 memo-

358 1946 435 1972 ratu
459 1938 607 1986 dignum
636 1946 705 1985 cst,
738 1941 822 1986 quia
850 1941 885 1974 in
913 1941 1075 1987 plurimis
1102 1939 1296 1976 Crustaceis
1327 1955 1515 1976 nervorum
1541 1942 1652 1986 nodi,
1687 1955 1760 1989 quo
1787 1942 1897 1988 magis
1931 1940 1975 1974 ad
2003 1939 2120 1986 perse·-

358 2002 513 2033 ctionem
539 1999 713 2034 accedunt
740 2002 901 2047 corporis
927 2008 1064 2048 partes,
1100 2002 1167 2035 sibi
1201 2004 1540 2049 appropinquantur
1574 2009 1608 2036 et
1642 2002 1804 2047 intera-se
1838 2000 2116 2035 confunduntur.

360 2061 451 2094 Haec
476 2061 530 2094 lex
555 2061 800 2108 compluribus
827 2063 997 2109 exemplis
1018 2062 1260 2097 demonstrata
1280 2071 1331 2097 est
1353 2065 1396 2098 ab
1418 2065 1473 2098 Au
1483 2064 1622 2097 douin
1649 2070 1683 2097 et
1708 2064 1842 2097 Milne
1862 2060 2062 2097 Edwards
2077 2061 2118 2105 ²¹³),

360 2130 393 2156 et
427 2123 637 2157 confirmata
673 2135 692 2156 a
732 2123 904 2158 Rathke
924 2124 971 2166 **)
1008 2126 1318 2160 observationibus
1355 2127 1390 2160 in
1427 2126 1568 2162 Astaco
1601 2125 1718 2171 factis,
1752 2126 1850 2159 cuius
1886 2124 1951 2158 tria
1981 2123 2118 2169 ganglia

357 2184 557 2229 thoracica,
592 2184 629 2218 in
657 2184 753 2218 foetu
781 2185 873 2218 inter
898 2198 934 2219 sc
963 2185 1162 2232 disiuncta,
1198 2187 1226 2221 si
1258 2188 1390 2222 animal
1427 2187 1616 2234 perfectius
1641 2187 1816 2221 excultum
1843 2192 1912 2229 est,
1945 2185 1981 2218 in
2004 2196 2114 2218 unum

363 2256 528 2290 magnum
552 2245 719 2291 ganglion
746 2245 960 2279 coalescunt.

455 2307 483 2343 §.
513 2308 569 2339 53.
621 2306 714 2341 Nihil
741 2313 859 2352 restat,
887 2307 954 2340 nisi
980 2313 1019 2340 ut
1040 2309 1117 2342 oris
1139 2315 1264 2355 partes
1286 2307 1469 2357 pedesque
1493 2309 1700 2343 tlzoracicos
1719 2307 1917 2354 respiciam,
1943 2307 2118 2353 partium-

360 2378 430 2412 que
457 2366 789 2413 denominationes,
825 2369 956 2415 quibus
980 2381 1062 2403 usus
1089 2381 1189 2415 sum,
1227 2371 1398 2416 probem,
1429 2370 1529 2416 quod
1556 2369 1619 2405 nisi
1647 2370 1847 2404 evolutione
1871 2369 2032 2403 animalis
2056 2380 2118 2401 co-

420 2506 453 2540 *j
476 2504 606 2534 Annales
628 2504 681 2533 (les
704 2506 847 2535 seicnccs.
871 2506 944 2536 XIV.
972 2507 1019 2536 77.

401 2560 454 2594 W)
477 2559 495 2587 Ι.
520 2567 545 2588 c.
568 2568 594 2597 p.
619 2558 667 2588 76.
