2419 2972
1134 326 1354 360 ...4-

357 425 457 458 malis
485 425 520 457 in
548 424 752 458 evolutione
778 423 959 467 nituntur,
993 434 1065 471 qua
1091 421 1268 469 descripta
1301 429 1336 457 et
1361 423 1432 458 oris
1463 427 1580 469 partes
1608 427 1643 454 et
1668 419 1781 468 pedes
1807 419 2010 467 diligentius
2033 432 2121 454 con-

356 486 554 533 templandi
577 487 676 521 locus
700 484 877 520 offeretur.

965 796 1506 843 ANATOME.

805 992 1125 1030 systema
1168 992 1664 1021 musculorum.

945 1079 1003 1107 Tab,
1022 1080 1042 1103 1.
1064 1078 1116 1111 ny.
1137 1078 1232 1103 1-11‘.
1275 1078 1329 1102 m.
1350 1077 1399 1102 111.
1422 1078 1473 1110 ny.
1496 1078 1516 1102 ι.

447 1171 475 1206 §.
505 1170 537 1200 2.
589 1166 676 1200 Tota
703 1165 839 1212 Apodis
871 1173 961 1200 testa
993 1172 1137 1200 externa
1164 1166 1319 1212 exceptis
1345 1172 1445 1199 scuto
1481 1172 1516 1199 et
1550 1172 1650 1212 parte
1685 1165 1995 1212 eeplialotlioracis
2022 1173 2121 1199 antc-

350 1230 444 1263 riore
473 1229 566 1262 intus
591 1228 760 1262 musculis
787 1228 911 1262 vestita
936 1234 999 1272 est,
1027 1234 1061 1261 et
1087 1234 1206 1261 motus
1228 1227 1402 1272 animalis,
1430 1227 1561 1273 quibus
1578 1234 1638 1262 aut
1663 1227 1822 1274 periculo
1847 1227 2059 1262 imminente
2085 1228 2122 1261 in

350 1303 444 1337 aqua
471 1291 601 1336 raptim
628 1289 852 1336 propellitur,
880 1296 940 1323 aut
966 1288 1012 1323 ad
1038 1289 1206 1323 alimenta
1226 1288 1471 1335 investiganda
1495 1289 1619 1322 limum
1647 1287 1806 1333 suffodit,
1829 1289 2009 1324 musculos
2036 1289 2119 1323 satis

354 1352 489 1386 validos
515 1352 695 1398 sortesque
711 1363 784 1385 esse
809 1351 1012 1386 ostendunt.
1047 1350 1181 1385 Omnes
1205 1351 1367 1396 musculi,
1394 1351 1516 1384 colore
1539 1349 1660 1385 albido
1688 1362 1728 1384 ac
1741 1349 1966 1396 splendente,
1988 1363 2117 1397 quam-

354 1415 404 1447 wis
428 1414 552 1447 molles
578 1425 705 1459 magna
730 1413 866 1447 lentitia
891 1419 1092 1460 praestant,
1117 1419 1157 1447 ut
1180 1419 1340 1447 recentes
1364 1425 1430 1446 nee
1456 1413 1526 1447 iam
1554 1413 1680 1459 spiritu
1706 1413 1777 1446 vini
1809 1411 1946 1446 edurati
1974 1411 2118 1447 difficile

353 1477 491 1522 possint
517 1475 659 1509 dissolvi
687 1487 727 1508 ac
754 1474 931 1509 dissecari.
983 1475 1023 1509 ld
1049 1487 1198 1521 quoque
1221 1474 1263 1508 iis
1285 1474 1473 1520 proprium
1501 1486 1575 1508 esse
1597 1473 1749 1518 videtur,
1776 1473 1876 1520 quod
1903 1486 1976 1507 non
2002 1474 2117 1508 solum

352 1538 572 1584 singulorum
598 1537 710 1570 librae
735 1543 859 1571 tenues
884 1537 948 1571 sed
975 1537 1128 1571 maiores
1154 1536 1260 1570 etiam
1287 1537 1530 1570 musculorum
1558 1535 1730 1580 fasciculi,
1754 1535 1899 1569 diversis
1926 1535 2119 1570 functioni-

352 1598 418 1631 bus
444 1599 656 1643 servientes,
683 1599 812 1632 arctius
836 1599 928 1632 inter
954 1611 990 1632 se
1016 1598 1168 1632 connexi
1194 1605 1295 1643 sunt,
1334 1597 1444 1631 modo
1475 1597 1570 1631 enim
1596 1597 1746 1631 tibrillae
1773 1598 1910 1644 aliquot
1937 1598 1980 1631 ab
2007 1598 2116 1632 altero

352 1661 512 1694 musculo
542 1660 578 1694 in
604 1660 752 1694 alterum
778 1667 984 1701 transeunt,
1013 1659 1126 1693 modo
1161 1660 1358 1706 peculiares
1392 1660 1498 1693 etiam
1531 1660 1679 1694 musculi
1714 1659 1804 1694 duos
1839 1660 1926 1694 alios
1959 1661 2051 1694 inter
2082 1673 2117 1693 sc

353 1722 586 1767 coniungunt.
639 1722 867 1767 Singulorum
896 1734 1045 1768 quoque
1076 1722 1317 1756 musculorum
1351 1721 1539 1768 dispositio
1572 1722 1809 1768 proprietates
1836 1723 2038 1769 complures
2065 1722 2118 1755 ol'-

352 1782 429 1827 sert,
457 1795 549 1829 quae
578 1789 702 1816 notatu
730 1783 857 1829 dignae
885 1796 959 1817 esse
985 1782 1151 1817 videntur
1177 1784 1446 1830 accuratiusque
1473 1783 1772 1830 contemplandae
1800 1791 1892 1818 sunt.

449 1847 477 1882 ἕ.
506 1845 539 1878 3.
593 1843 755 1878 ΗΙιιςσιιίἱ
781 1846 818 1878 in
843 1844 1038 1879 abdomine
1063 1846 1137 1880 siti.
1166 1863 1210 1869 --
1240 1845 1462 1879 Fortissimus
1489 1846 1667 1880 musculus
1693 1853 1728 1880 et
1753 1845 2005 1889 solidissimus,
2038 1845 2118 1891 plu-

352 1906 526 1939 rimorum
543 1906 644 1952 quasi
672 1905 820 1939 fulcrum
849 1913 884 1939 et
899 1905 1171 1952 adminiculum,
1197 1908 1376 1941 musculus
1392 1915 1443 1941 est
1457 1907 1745 1942 mandibularum
1758 1907 1860 1948 (Tab.
1872 1907 1900 1942 I.
1915 1908 1996 1955 Fig.
2009 1907 2055 1941 ll.
2067 1906 2117 1941 M.

359 1967 526 2002 Tab.lll.
557 1968 637 2015 Fig.
652 1967 679 2002 I.
706 1967 774 2002 VI.
793 1965 880 2012 Just),
909 1968 970 2014 qui
999 1974 1194 2002 transverse
1221 1968 1430 2003 mandibula
1455 1970 1498 2003 ab
1532 1970 1639 2003 altera
1672 1969 1717 2003 ad
1753 1970 1897 2003 alteram
1927 1968 2118 2002 decurrens

353 2042 443 2063 unus
470 2028 557 2063 duas
583 2035 704 2062 movet
730 2035 765 2062 et
792 2028 928 2062 idcirco
953 2028 1096 2063 duobus
1123 2031 1290 2064 musculis
1317 2031 1494 2065 concretis
1517 2032 1738 2077 compositus
1762 2043 1835 2064 esse
1863 2030 2011 2064 videtur.
2045 2030 2119 2063 Me-

353 2091 411 2124 dia
438 2091 474 2124 in
500 2097 601 2137 parte
629 2090 780 2123 omnino
807 2097 858 2124 est
883 2089 1095 2125 tendlnosus
1120 2091 1313 2138 coloreque
1341 2092 1496 2126 candido
1524 2105 1564 2126 ac
1592 2092 1816 2139 splendente,
1840 2091 2119 2125 extremitatibus

353 2159 483 2196 autem,
511 2152 642 2198 quibus
666 2150 955 2186 mandibularum
984 2153 1149 2186 cavitates
1177 2160 1263 2187 testa
1287 2166 1418 2188 cornea
1444 2154 1632 2201 solidaque
1660 2154 1876 2200 compositas
1902 2153 2028 2199 replet,
2058 2153 2114 2186 in-

353 2213 592 2247 numerabiles
627 2213 662 2246 in
690 2212 875 2246 fasciculos
905 2212 1036 2246 dix-isus
1068 2221 1130 2247 cst.
1190 2214 1296 2248 Cuius
1329 2216 1419 2261 parti
1452 2216 1643 2262 posteriori
1676 2215 1824 2249 tendine
1860 2213 2016 2261 quadam
2050 2214 2117 2248 lata

352 2274 531 2320 planaque
558 2275 707 2309 musculi
734 2273 1007 2319 longitudinales
1036 2275 1208 2309 ventralcs
1241 2275 1381 2315 ('l⁷al1.I.
1418 2277 1497 2325 Fig.
1513 2277 1541 2311 l.
1559 2278 1604 2312 Il.
1624 2277 1669 2313 D.
1702 2276 1787 2311 Tala.
1804 2276 1870 2311 III.
1900 2276 2020 2323 F1·g.l.
2037 2274 2116 2320 DC),

354 2336 417 2381 qui
442 2342 558 2369 totum
585 2349 648 2382 per
673 2348 803 2383 corpus
828 2337 1034 2383 pertinent,
1075 2337 1288 2373 inseruntur.
1341 2339 1444 2372 Parte
1471 2339 1618 2385 quidem
1647 2340 1683 2372 in
1710 2338 1887 2372 anteriore
1914 2336 2118 2371 abdominis

354 2397 523 2443 utrinque
550 2397 587 2430 hi
614 2399 762 2432 musculi
796 2404 951 2444 quatuor
986 2410 1026 2431 ex
1053 2399 1225 2433 fasciculis
1257 2400 1574 2446 longitudinalibus
1611 2401 1679 2434 sibi
1703 2400 2002 2446 appropinquatis
2028 2410 2117 2432 con-

354 2465 458 2502 stant,
478 2459 522 2492 ab
549 2457 743 2492 undecimo
771 2466 889 2493 autem
917 2460 1050 2493 annulo
1078 2460 1123 2494 ad
1151 2474 1232 2494 cum
1261 2474 1374 2508 usque
1401 2463 1534 2507 locum,
1560 2475 1633 2509 quo
1660 2461 1770 2508 pedes
1787 2460 2033 2495 abdominales
2053 2458 2118 2492 de-

354 2519 487 2564 sinunt,
514 2521 624 2567 magis
650 2520 833 2567 magisque
861 2528 1086 2556 coarctantur
1109 2529 1217 2568 atque
1237 2523 1511 2568 imminuuntur,
1537 2536 1619 2557 nam
1640 2530 1680 2557 ut
1704 2523 1857 2557 laminae
1879 2521 2042 2556 ventralis
2062 2532 2117 2553 se-

354 2588 496 2625 gmenta
524 2595 596 2615 non
623 2583 786 2627 eorporis
808 2583 1022 2617 annulorum
1050 2582 1113 2618 sed
1139 2583 1273 2631 pedum
1301 2597 1452 2620 numero
1480 2584 1724 2632 respondent,
1751 2585 1797 2618 ita
1819 2583 1967 2618 musculi
1999 2582 2118 2628 longi-
