2419 2972
1039 305 1284 342 „69—

326 402 382 441 Γόῃ.
406 400 520 431 XVIII.
552 400 679 437 (avitas,
702 400 730 428 in
755 408 809 438 qua
834 402 860 429 ct
886 398 1039 429 cerebrum
1063 400 1131 437 (Α.)
1155 404 1182 429 et
1206 400 1283 430 oculi
1306 401 1360 429 sita
1387 405 1462 437 sunt,
1484 400 1576 430 oculis
1600 400 1704 430 demtis
1726 403 1826 439 aperta
1849 403 1902 430 est.
1934 399 2042 438 Aperta

363 457 448 486 ctiam
473 459 515 485 ost
541 453 694 483 ventriculi
718 453 817 483 cordis
841 452 1060 490 arteriosi(A'.)
1083 462 1151 492 pars
1175 455 1316 489 anterior,
1343 455 1424 483 cuius
1450 455 1561 484 cavitas
1587 464 1651 484 cum
1675 454 1721 484 illa
1745 455 1870 484 cavitate
1895 453 2039 483 foramine

365 514 423 547 (a.)
447 510 603 539 coniuncta
624 511 677 537 cst.
1728 506 1733 512 '

324 563 382 601 1⁸59.
408 563 489 592 XIX.
535 562 737 600 Praeparatum
761 560 836 589 idem
855 582 862 596 ‚
896 560 973 598 quod
1007 560 1035 589 in
1060 560 1108 599 fig.
1134 560 1214 590 XVI.
1239 561 1383 601 depictum
1399 585 1406 599 ‚
1441 562 1628 592 membranae
1660 562 1764 592 ocutos
1789 560 2044 592 circumcludentis

363 617 426 653 (F.)
447 615 567 646 dimidio
590 618 713 644 remoto.

409 675 464 714 Εἰς).
492 673 687 704 XVI—XIX.
708 691 748 696 -—
772 671 807 701 A.
830 671 999 702 Ccrcbrum.
1021 690 1060 696 —
1082 671 1125 703 A'.
1152 674 1335 704 Ventriculus
1359 674 1457 704 cordis
1488 676 1658 705 arteriosus.
1691 694 1729 698 —-
1757 674 1789 704 Β.
1814 674 1898 703 Oculi
1921 681 2045 712 compo-

406 730 460 759 siti.
486 748 523 752 —-
539 729 569 758 C.
593 726 676 757 Oculi
700 725 816 755 animali
842 726 961 755 iuvenili
985 727 1094 765 proprii
1117 727 1321 758 rudimentum.
1346 747 1383 751 -
1410 728 1446 758 D.
1473 729 1580 757 Oculus
1605 729 1647 758 sic
1672 728 1766 758 dictus
1789 728 1920 767 simplex.
1948 746 1984 749 —
2007 726 2042 757 E.

408 782 566 813 ventriculi
593 781 691 811 cordis
717 781 853 810 artorfflsi
881 790 948 819 pars
974 783 1126 818 anterior.
1162 783 1238 812 inter
1260 783 1363 812 oculos
1387 784 1450 812 sita.
1485 801 1525 806 —
1549 782 1578 812 F.
1602 783 1767 812 Membrana
1790 782 1893 812 oculos
1917 783 2046 811 circum-

407 838 537 868 cludens.
563 855 602 860 —-
624 837 656 865 G.
684 836 805 865 Musculi
830 835 935 865 radiati
959 836 1111 866 oculorum
1135 846 1244 867 nervos
1266 839 1492 867 circumdantes
1515 856 1553 860 -
1579 836 1612 867 0.
1635 838 1839 876 Ocsophagus.
1863 856 1901 860 -
1926 835 1960 872 Q.
1985 836 2047 866 Lo-

406 902 469 922 cuS.
493 900 550 931 quo
575 891 686 921 canalis
708 890 878 920 membrana
895 889 958 926 (F.)
978 891 1158 929 compositus
1180 892 1208 921 in
1229 895 1312 930 parte
1336 892 1592 931 cephaloihoracis
1615 892 1754 921 inforiore
1778 893 1845 921 exit.
1863 910 1895 914 —
1920 890 1948 920 V.
1965 891 2048 920 Ven-

407 945 536 975 triculus.
563 964 600 968 —-
637 943 677 973 W.
701 943 823 973 Musculi
846 943 999 972 ventriculi
1024 943 1124 973 cordis
1148 945 1294 974 arteriosi.
1318 963 1354 968 -
1377 944 1409 974 Z.
1433 945 1555 974 Musculi
1577 944 1767 974 membranae
1789 944 1852 982 (F.)
1877 944 1991 974 asserti.
2008 962 2046 967 -

405 999 432 1028 b.
455 999 562 1028 Bulbus
582 1006 742 1027 nervorum
765 997 938 1035 optico'rum.
963 1016 1001 1019 —
1024 998 1050 1027 d.
1073 998 1163 1028 Nervi
1189 999 1358 1028 cerebrales
1380 1000 1582 1038 oesophagum
1605 998 1842 1038 complectentes.
1866 1018 1904 1021 —
1925 1008 1948 1028 e.
1973 998 2052 1029 Ner-

403 1062 456 1082 vus
482 1053 518 1082 ad
542 1052 688 1081 musculos
710 1051 784 1088 (2.).
812 1051 884 1090 —f.
907 1061 934 1090 9.
959 1051 1049 1081 Crura
1074 1052 1232 1082 tendinosa
1256 1053 1445 1083 membranae
1467 1052 1539 1091 (R).
1566 1072 1604 1077 —
1626 1053 1652 1082 h.
1667 1053 1686 1082 i.
1711 1053 1813 1092 Margo
1836 1052 1942 1091 duplex
1957 1061 2052 1082 mem-

405 1107 568 1136 branaceus
594 1106 745 1157 oculorum
768 1105 1008 1143 compositorum.
1036 1123 1072 1129 —-
1097 1115 1122 1135 o.
1148 1106 1292 1136 Foramen
1318 1108 1447 1137 anterius
1470 1106 1624 1137 ventriculi
1651 1106 1751 1137 cordis
1775 1106 1920 1137 arteriosi.

284 1186 475 1225 Figurae
499 1183 770 1215 xx—xxvl.
814 1184 941 1214 oculi
965 1185 1009 1219 (ς.
1033 1182 1191 1221 34—37.).

331 1250 386 1288 [³531.
412 1249 475 1279 XX.
534 1248 694 1278 Cerebrnm
716 1252 743 1277 et
765 1249 843 1277 oculi
867 1258 882 1278 a
904 1252 987 1288 parte
1011 1250 1177 1289 posteriore
1200 1253 1244 1288 (ὃ.
1266 1250 1343 1287 35.).

328 1304 385 1342 κ’ἑςι.
411 1303 491 1335 XXI.
529 1303 658 1332 Eaedem
677 1306 783 1340 partes
807 1312 823 1332 a
850 1303 956 1333 fronte.

330 1358 386 1397 1⁴19.
412 1357 511 1388 XXII.
531 1356 622 1387 Oculi
646 1357 769 1387 animali
792 1357 915 1387 iuvenili
932 1358 1053 1397 proprii
1077 1358 1271 1388 rudimentum·
1295 1361 1423 1397 apertum
1449 1360 1493 1395 (δ.
1519 1356 1595 1394 36].

414 1416 472 1455 Fiy.
500 1416 585 1446 XX-
600 1415 699 1446 XXII.
723 1435 760 1439 —
785 1415 820 1446 A.
845 1417 1013 1447 Cercbrum.
1040 1437 1077 1441 —
1107 1416 1141 1447 Β.
1167 1417 1251 1447 Oculi
1274 1417 1438 1456 compositi.
1462 1434 1501 1440 -—-
1539 1415 1570 1445 C.
1595 1414 1679 1445 Oculi
1705 1400 1822 1444 animali
1845 1414 1963 1444 iuvenili
1984 1421 2056 1452 pro-

408 1471 463 1509 prii
486 1470 690 1500 rudimentum.
718 1491 755 1494 —
781 1481 808 1501 ιι.
835 1472 924 1502 Nervi
947 1473 1099 1503 oculorum
1124 1472 1364 1511 compositorum.
1387 1491 1423 1495 -
1447 1470 1472 1500 b.
1497 1470 1606 1500 Eorum
1626 1469 1716 1499 bulbi.
1739 1488 1776 1491 —
1803 1478 1827 1498 c.
1841 1468 1954 1498 Nervus
1978 1467 2055 1498 oculi

408 1526 572 1555 anterioris.
600 1545 638 1550 —
662 1526 687 1555 d.
712 1526 800 1556 Nervi
827 1526 996 1557 cercbrales
1023 1527 1133 1556 collare
1159 1529 1381 1565 componentes,
1408 1544 1446 1547 —
1478 1534 1501 1553 e.
1524 1524 1611 1554 Nervi
1633 1524 1669 1553 ad
1692 1523 1840 1553 musculos
1866 1522 2053 1552 membranae

409 1580 512 1609 oculos
537 1579 781 1610 circumcludenti
805 1581 943 1611 insertos.
967 1601 1005 1605 -
1026 1583 1048 1620 s.
1074 1582 1206 1617 Nervus,
1238 1581 1285 1619 qui
1309 1580 1337 1609 in
1359 1580 1513 1608 cavitatem
1539 1577 1693 1607 ventriculi
1718 1576 1818 1606 cordis
1843 1576 1979 1606 arteriosi
2002 1584 2056 1614 per

407 1632 544 1662 foramen
570 1634 698 1664 anterius
723 1643 755 1663 so
780 1635 904 1665 confert.
930 1655 968 1659 —
990 1646 1017 1675 y.
1040 1636 1128 1666 Nervi
1154 1635 1190 1665 ad
1215 1635 1378 1674 marginem
1403 1632 1554 1662 oculorum
1577 1631 1842 1660 membranaceum.
1866 1648 1906 1654 υ-
1930 1629 1956 1659 Ιι.
1981 1629 2055 1659 Par-

409 1690 452 1715 tes
476 1695 605 1716 nervcae
629 1687 786 1718 rudimenti
809 1689 887 1719 oculi
910 1690 1068 1720 anterioris
1091 1690 1270 1729 pigmentum
1293 1693 1355 1726 (p.)
1378 1687 1570 1716 includentes.
1602 1704 1642 1708 -
1674 1685 1693 1715 z'.
1718 1685 1832 1715 Nervus
1854 1684 1901 1714 his
1925 1683 2055 1723 partibus

409 1741 608 1772 intercedens.
632 1761 672 1765 —-
695 1742 721 1771 It.
744 1742 832 1772 Ncrvi
856 1747 981 1782 quatuor
1001 1753 1039 1773 ex
1063 1743 1140 1773 oculi
1167 1742 1323 1773 anterioris
1347 1741 1512 1771 rudimento
1537 1740 1602 1769 orti.

327 1794 385 1832 1¹59.
406 1794 520 1823 XXIII.
565 1794 659 1824 Nervi
681 1796 732 1833 (l.)
756 1805 773 1826 e
798 1796 887 1827 bulbo
911 1806 1070 1828 nervorum
1093 1798 1255 1836 opticorum
1281 1796 1338 1826 orti
1360 1799 1388 1824 et
1409 1793 1446 1823 ad
1467 1793 1614 1823 musculos
1638 1792 1769 1822 radiatos
1779 1791 1846 1829 (G.)
1863 1792 2054 1830 pertinentes,

326 1848 384 1886 Fiq.
408 1848 482 1877 XXI
489 1848 515 1878 V.
564 1852 587 1878 1.
613 1849 783 1879 Ner-vorum
803 1851 971 1888 opticorum
989 1852 1140 1890 filamenta
1164 1856 1224 1889 (a).
1248 1869 1284 1873 —
1310 1849 1336 1879 b.
1358 1849 1546 1888 Pigmentum.
1579 1866 1617 1870 —
1652 1856 1675 1876 c.
1701 1846 1774 1876 Coni
1797 1846 1881 1875 vitrei
1903 1846 2052 1885 pigmento

368 1901 494 1940 quodam
519 1902 663 1932 lucidiore
688 1903 869 1934 circumdati.

408 1956 433 1984 ζ).
459 1954 588 1985 Eaedem
607 1961 712 1995 partes
736 1959 897 1998 pigmento,
921 1969 1006 1999 quam
1031 1960 1156 1990 maxime
1181 1959 1244 1990 fieri
1267 1961 1373 1998 potest,
1396 1960 1519 1987 remoto.

405 2010 432 2037 ii.
458 2008 531 2038 Com'
555 2010 642 2040 vitrei
664 2012 780 2052 singuli.

327 2061 383 2100 Εἰς.
407 2062 499 2092 XXl'.
545 2073 572 2093 a.
604 2064 789 2096 Eminentiae
819 2067 848 2096 in
874 2068 1029 2107 superiore
1052 2067 1309 2107 cephalothoracis
1330 2068 1412 2104 parte
1445 2065 1517 2093 sitae
1541 2061 1732 2101 superficies,
1757 2069 1833 2099 quae
1856 2059 1959 2089 oculus
1982 2057 2056 2087 sim-

364 2116 434 2154 ples:
457 2118 544 2157 vulgo
568 2119 698 2150 habetur.
715 2121 793 2151 —b.
808 2121 987 2159 Membrana,
1007 2131 1081 2161 quae
1105 2123 1133 2151 in
1150 2120 1255 2151 eadem
1273 2119 1326 2149 sub
1350 2120 1411 2157 ipsa
1434 2120 1508 2147 testa
1533 2117 1654 2146 externa
1677 2114 1824 2144 invenitur
1841 2117 1885 2150 (δ.
1899 2112 1974 2149 37.).

327 2169 384 2208 Hy.
409 2171 516 2201 XXVI.
561 2173 674 2203 Eadem
695 2176 861 2213 eminentia,
883 2180 957 2206 testa
980 2179 1100 2205 externa
1123 2179 1152 2205 et
1173 2173 1343 2204 membrana
1367 2170 1481 2210 (XXV.
1496 2171 1539 2209 b.)
1563 2172 1687 2208 remota,
1710 2172 1879 2198 transverse
1900 2170 1990 2196 secta.

809 2279 1132 2311 TABULA
1195 2274 1525 2308 TERTIA.

285 2347 476 2385 Figurae
500 2347 643 2381 I—VI.
687 2353 888 2390 systema
908 2362 1164 2385 nervorum.

327 2409 344 2438 1⁴
346 2409 383 2448 'ifl-
408 2409 430 2439 I.
480 2410 580 2441 Totum
597 2417 727 2451 systema
746 2423 907 2444 nervorum
927 2416 957 2445 in
978 2416 1037 2445 situ
1060 2415 1200 2445 naturali.
1225 2434 1263 2437 —
1286 2412 1412 2449 Animal,
1435 2414 1517 2441 scuto
1543 2411 1688 2448 amputato
1704 2430 1712 2444 ‚
1737 2410 1854 2437 sectura
1879 2404 2042 2444 longitudi-

367 2463 424 2492 nali
447 2474 462 2493 a
485 2463 576 2495 dorso
601 2471 751 2506 apertum3
775 2469 866 2499 latera
889 2469 1071 2507 abdominis,
1106 2470 1242 2499 omnibus
1266 2468 1408 2498 intestinis
1431 2465 1572 2501 remotis,
1609 2470 1749 2502 expansa.
1795 2461 1825 2490 ln
1849 2458 2044 2498 cephalotho—

366 2527 446 2556 racc,
471 2522 544 2549 testa
568 2522 721 2559 superiore
745 2527 774 2553 et
795 2524 932 2554 musculis
960 2523 1125 2554 dorsalibus
1149 2523 1269 2553 sublatis
1284 2546 1291 2560 ‚
1321 2520 1509 2559 oesophagus
1532 2518 1590 2556 (Ο)
1620 2520 1687 2547 ante
1717 2523 1853 2555 magnum
1883 2512 2044 2543 musculum

366 2572 598 2603 mandibularum
622 2573 704 2614 (Μ’.)
727 2577 895 2608 ascendens
918 2581 947 2608 et
968 2578 1106 2608 musculis
1129 2577 1241 2615 iisdem,
1264 2578 1312 2616 qui
1336 2576 1364 2605 in
1389 2575 1436 2615 fig.
1460 2573 1501 2604 II.
1524 2573 1581 2603 tab.
1598 2571 1621 2602 1.
1646 2570 1882 2609 conspiciuntur,
1916 2568 2045 2597 circum-
