2419 2972
1134 322 1379 359 „36-

362 432 487 471 spectu
515 436 650 470 ponere
676 424 878 470 potuerim,
916 428 1037 455 tamen
1066 420 1102 455 id
1128 432 1183 454 me
1210 418 1522 466 animadvertisse,
1562 434 1635 455 non
1659 421 1827 456 omnibus
1852 423 1887 457 in
1917 423 2129 458 animalibus

362 499 477 533 aeque
504 487 607 532 plane
631 497 672 520 ac
694 486 881 532 perspicue
910 496 1037 518 nervos
1064 495 1138 517 esse
1167 494 1374 529 expressos,
1412 482 1460 516 ita
1485 489 1524 516 ut
1551 481 1731 517 interdum
1758 484 1922 518 tenuiora
1948 483 2129 519 filamenta

364 548 420 581 vix
443 547 642 594 investigari
677 547 825 593 possint.
879 544 980 590 Quae
1016 557 1070 579 res
1098 557 1173 579 non
1206 556 1247 577 ex
1277 543 1485 577 animalium
1523 543 1851 578 conservandorum
1891 545 2001 580 modo
2034 546 2131 580 deri-

365 608 480 643 vanda
508 616 570 654 est,
599 621 710 655 quum
740 620 813 641 non
839 607 953 641 solum
982 619 1000 641 e
1027 605 1259 641 crassitudine
1283 618 1324 640 ac
1350 606 1615 652 perspicuitate3
1641 604 1704 640 sed
1730 617 1749 639 e
1775 605 2002 640 multitudine
2024 608 2128 642 etiam

366 683 557 705 nervorum
588 671 714 717 quovis
742 682 761 704 e
785 668 884 704 nodo
913 669 1124 703 emissorum
1151 668 1298 702 varietas
1325 673 1570 713 cognoscatur.

465 733 660 768 Nervorum
689 738 841 779 systema
867 730 1003 778 Apodis
1027 737 1068 765 ut
1089 730 1240 765 aliorum
1270 728 1540 763 Crustaceorum
1564 729 1678 763 tribus
1705 741 1723 762 e
1750 729 1910 776 partibus
1937 736 2087 774 constat7
2113 744 2130 763 e

367 795 516 829 cerebro
545 801 579 828 et
605 793 721 828 nervis
745 805 786 826 ex
813 805 855 826 eo
884 792 989 833 ortis,
1026 804 1045 825 e
1078 791 1169 826 serie
1193 790 1415 837 gangliorum
1442 788 1676 833 ventu-atium,
1709 796 1743 822 et
1777 801 1795 823 e
1822 796 2009 836 systemate
2035 791 2132 824 nervi

366 855 579 902 sympathici
606 855 817 897 (Mueller)
845 854 916 887 sive
944 865 1136 887 nervorum
1162 850 1519 899 reproduetoriorum
1545 848 1751 893 (Brandt).

465 921 494 956 §.
523 918 581 951 26.
636 916 842 952 Cerehrum-
869 935 917 940 —
937 914 1082 949 Cerebri
1109 915 1223 949 forma
1249 919 1284 948 et
1309 912 1394 946 situs
1420 911 1491 946 iam
1518 923 1636 957 supra,
1664 923 1774 958 quum
1803 912 1887 946 situs
1913 913 2068 959 partium
2097 914 2132 946 in

367 978 669 1025 cephalothorace
697 985 935 1025 exponeretur
961 974 1096 1021 (§.14.),
1125 975 1323 1022 descriptus
1350 981 1411 1008 est.
1466 972 1659 1008 Cerebrum
1688 972 1791 1013 (Tah.
1809 973 1856 1009 ll.
1889 974 1970 1022 Ft'g.
1989 976 2133 1009 XIX—

364 1041 488 1077 XXII,
506 1040 555 1075 A.
590 1039 752 1075 Tczlnlll.
778 1040 934 1087 FigJ—
945 1039 994 1073 V.
1009 1038 1073 1080 A.)
1101 1039 1208 1085 igitur
1232 1036 1348 1071 nodus
1376 1047 1525 1069 nerveus
1552 1041 1622 1080 est,
1651 1035 1813 1082 simplex,
1838 1034 2035 1082 depressus,
2062 1037 2133 1071 sere

365 1101 681 1149 quadrangulariS,
714 1101 776 1148 qui
804 1108 885 1135 ante
913 1101 1158 1147 oesophagum
1187 1099 1273 1132 situs
1309 1104 1343 1132 et
1371 1097 1419 1131 ita
1445 1097 1581 1144 positus
1608 1103 1679 1142 est,
1714 1103 1753 1130 ut
1778 1097 1822 1131 ab
1847 1097 2074 1133 inferioribus
2101 1106 2134 1133 et

365 1163 605 1196 anterioribus
630 1162 675 1196 ad
702 1162 887 1208 superiora
919 1167 954 1195 et
988 1160 1189 1207 posteriora
1220 1158 1397 1194 ascendat.
1458 1158 1624 1204 Marginis
1659 1158 1819 1192 laterales
1854 1159 2131 1206 subemarginati

364 1231 466 1268 sunt,
501 1223 622 1258 medio
651 1230 769 1258 autem
805 1223 841 1257 in
869 1223 1027 1270 margine
1063 1222 1231 1256 inferiore
1258 1232 1444 1268 processus
1471 1219 1618 1267 quidam
1646 1232 1774 1267 parvus
1801 1220 2022 1268 obtususque
2049 1234 2137 1256 con-

364 1286 524 1331 spicitur.
553 1305 598 1310 -—
624 1285 664 1318 Hi
693 1285 792 1320 nervi
820 1297 839 1318 e
867 1284 1015 1318 cerebro
1043 1284 1226 1318 oriuntur:

469 1352 499 1381 1.
554 1348 632 1381 Duo
657 1347 754 1381 nervi
781 1346 963 1380 fortissimi
991 1345 1037 1380 ad
1063 1345 1186 1379 oeulos
1219 1343 1440 1390 compositos
1467 1343 1699 1378 ascendentes
1735 1342 1835 1384 (Tah.
1855 1343 1902 1378 Il.
1936 1343 2018 1391 Fig.
2041 1344 2139 1379 XIX

367 1409 539 1445 -ΧΧΙῙ,
558 1422 590 1444 α.
625 1408 708 1443 Τῐιῖ).
726 1408 791 1442 III.
818 1407 939 1455 Figl.
960 1407 1010 1447 B.)
1037 1419 1078 1440 ex
1105 1406 1240 1453 angulis
1267 1405 1404 1439 cerebri
1432 1405 1688 1451 superioribus

465 1474 499 1506 2.
550 1471 682 1505 Nervus
697 1469 742 1503 ad
757 1469 850 1503 oculi
869 1468 1012 1503 iuvenili
1030 1468 1174 1502 animali
1191 1467 1330 1514 proprii
1349 1465 1708 1506 rudimentum(Tab.
1723 1467 1767 1501 II.
1783 1467 1864 1515 Fig.
1877 1466 1958 1501 XX.
1971 1467 2075 1502 XXI.
2090 1469 2134 1509 c.)

365 1531 505 1566 duabus
530 1530 712 1565 radicibus
738 1529 859 1564 medio
885 1541 904 1562 e
930 1528 1088 1574 margine
1113 1528 1298 1575 superiore
1326 1528 1449 1563 oritur.
1477 1550 1522 1555 —
1539 1529 1580 1562 Ili
1608 1529 1704 1563 nervi
1732 1541 1802 1563 una
1829 1541 1910 1562 cum
1939 1530 2049 1563 oculis
2078 1531 2135 1564 in·-

363 1594 415 1628 sra
441 1593 647 1640 diligentius
673 1591 931 1626 describentur.
1658 1614 1660 1616 .

463 1658 496 1689 3.
550 1654 628 1688 Duo
658 1653 755 1687 nervi
784 1652 886 1692 (Tah.
904 1652 953 1687 II.
980 1652 1064 1699 Fig.
1084 1652 1189 1686 XIX.
1211 1651 1246 1686 d.
1287 1649 1372 1686 Tul).
1392 1651 1459 1687 Ill.
1495 1653 1578 1698 Fig.
1595 1652 1622 1687 I.
1640 1652 1688 1685 Γ.
1713 1652 1781 1687 VI.
1805 1651 1855 1693 C.)
1891 1653 2135 1699 oesophagum

374 1716 653 1763 complectentes
680 1722 714 1749 et
740 1714 786 1748 ad
812 1721 949 1761 partem
977 1714 1140 1760 corporis
1166 1714 1360 1748 ventralem
1388 1713 1664 1760 descendentes,
1690 1727 1730 1748 ex
1757 1715 1892 1761 angulis
1918 1715 2053 1748 cerebri
2082 1714 2139 1747 in-

367 1779 568 1813 serioribus.

469 1838 504 1874 lt.
558 1841 637 1874 Duo
663 1839 761 1873 nervi
787 1838 986 1872 tenuissimi
1014 1837 1179 1877 (Tab.Il.
1207 1837 1402 1886 Fig.XIX.
1414 1849 1442 1873 e.
1478 1836 1641 1872 TabJIl.
1666 1837 1868 1886 F1·g.V.a.)
1898 1849 1937 1870 ex
1964 1837 2024 1871 illo
2051 1848 2139 1883 pro-

371 1915 470 1937 cessu
498 1902 640 1947 obtuso,
668 1901 730 1947 qui
758 1900 879 1934 medio
905 1900 942 1933 in
970 1900 1127 1945 margine
1155 1900 1322 1933 inferiore
1350 1899 1543 1946 prominet,
1571 1898 1744 1933 oriuntur.
1797 1899 1837 1932 Hi
1866 1899 1963 1933 nervi
1991 1898 2036 1933 ad
2059 1898 2137 1932 illos

371 1964 550 1999 musculos
578 1962 680 2003 (ΤΗΙ).
698 1962 739 1997 II
774 1962 855 2009 Fig.
869 1961 1000 1996 XVII.
1016 1961 1120 1995 XIX.
1140 1961 1180 1994 Z.
1215 1959 1299 1995 Tab.
1316 1961 1382 1996 Ill.
1410 1961 1491 2008 Fig.
1518 1960 1585 1995 J'l.
1599 1959 1662 2000 Z.)
1699 1972 1735 1994 se
1763 1959 1971 2005 conserunt,
2004 1960 2065 2007 qui
2093 1960 2137 1993 ab

373 2026 542 2060 inferiore
569 2031 668 2071 parte
694 2023 1003 2070 cephalothoracis
1030 2022 1262 2057 ascendentes
1290 2029 1324 2056 et
1350 2022 1546 2069 oesophagi
1572 2021 1679 2055 dorso
1707 2021 1932 2067 adiacentes,
1958 2022 2139 2055 membra-

373 2100 439 2122 nae
468 2087 591 2121 oculos
618 2093 652 2119 et
680 2086 866 2119 cerebrum
895 2084 1189 2118 circumcludenti
1217 2097 1292 2118 sese
1320 2085 1491 2118 inserunt.

470 2152 498 2188 §.
529 2151 587 2182 27.
652 2147 795 2181 Collare
832 2158 999 2181 nerreum
1035 2153 1069 2180 et
1100 2157 1290 2181 nervorum
1322 2145 1682 2194 reprosluccoriorwn
1718 2147 1791 2180 sire
1828 2144 2139 2192 oesophageorum

372 2219 539 2254 systema.
571 2229 612 2232 —
643 2208 745 2244 Nervi
774 2207 1001 2241 inferioribus
1029 2219 1070 2239 ex
1098 2208 1233 2253 angulis
1259 2208 1396 2242 cerebri
1431 2207 1499 2241 orti
1529 2206 1647 2240 statim
1683 2206 1729 2240 ad
1757 2206 1953 2253 posteriora
1987 2218 2024 2239 se
2051 2219 2139 2241 con-

372 2278 515 2305 vertunt
550 2278 581 2304 et
614 2269 840 2317 processibus
875 2266 1046 2310 (Ταῦ-ΙΙ.
1079 2268 1159 2312 Fig.
1181 2268 1368 2312 XVILf.)
1404 2268 1636 2302 membranae
1669 2268 1791 2301 oculos
1827 2267 2139 2302 circumcludentis

371 2334 468 2378 teeti,
499 2333 535 2366 in
562 2332 730 2366 lateribus
758 2329 953 2376 oesophagi
981 2327 1203 2362 descendunt
1222 2328 1267 2363 ad
1293 2329 1491 2364 musculum
1513 2342 1683 2377 magnum
1702 2328 2003 2374 mandibularum,
2031 2342 2138 2376 quem

372 2397 566 2431 subeuntes
593 2393 638 2427 ad
664 2399 801 2439 partem
831 2390 992 2438 corporis
1019 2390 1210 2424 ventratem
1239 2391 1452 2437 procedunt.
1491 2392 1561 2426 Hac
1590 2393 1642 2426 via
1669 2391 1872 2438 complures
1899 2403 1939 2425 ex
1966 2391 2008 2425 iis
2035 2391 2139 2425 emit—

374 2463 499 2491 tuntur
524 2454 633 2490 nervi.
685 2453 906 2499 Simulatque
935 2452 1030 2485 enim
1061 2452 1254 2499 oesophagi
1289 2452 1334 2487 ad
1368 2454 1475 2488 latera
1510 2460 1705 2498 venerunt,
1739 2453 1811 2487 duo
1845 2454 1945 2488 nervi
1970 2453 2139 2499 utrinque

374 2531 415 2552 ex
442 2518 484 2551 iis
510 2516 685 2559 oriuntur,
713 2526 868 2560 quorun]
897 2513 1054 2548 anterior
1081 2513 1190 2555 (Tab.
1207 2514 1272 2549 III.
1303 2515 1382 2562 Fig.
1397 2515 1425 2549 I.
1445 2515 1492 2550 V.
1515 2514 1562 2556 b.)
1601 2515 1773 2549 arcuatim
1800 2514 1845 2549 ad
1871 2515 2043 2562 parietem
2071 2526 2139 2560 po-

373 2580 558 2614 steriorem
593 2575 902 2624 cephalothoracis
925 2587 1043 2609 versus
1070 2588 1140 2610 una
1175 2588 1256 2610 cum
1283 2577 1442 2611 musculo
1470 2577 1617 2624 parvulo
1653 2576 1697 2611 ad
1731 2577 1838 2624 primi
1876 2577 1970 2623 paris
2003 2575 2137 2622 pedum
