2419 2972
1126 321 1374 356 —32-

369 418 502 452 riosum
532 417 815 462 nominavimus,
848 417 1021 452 maiorem
1050 417 1156 452 etiam
1184 417 1442 464 perfectionem
1467 414 1620 463 adipisci
1643 415 1804 461 videtur7
1836 430 1907 464 qua
1942 430 1979 452 re
2002 430 2021 452 a
2048 418 2136 453 scri-

369 479 532 525 ptoribus
558 491 621 512 eor
647 478 855 512 arteriosum
890 478 965 512 iure
1000 479 1186 513 nominata
1219 485 1281 512 est.
1341 478 1428 513 Nam
1465 477 1502 512 in
1533 476 1711 526 Daphnin
1741 478 1999 527 quadrangula
2025 479 2135 514 corde

369 551 503 573 zenoso
532 538 684 573 dimidio
713 539 827 572 maior
854 545 925 584 est,
966 545 1001 573 et
1027 539 1099 573 duo
1128 538 1238 574 corda
1263 539 1357 573 inter
1381 550 1418 572 se
1447 551 1521 572 non
1548 538 1722 572 foramine
1749 538 1814 572 sed
1835 541 1947 574 canali
1974 540 2135 588 quodam

368 600 531 646 longiore
554 600 745 634 coniuncta
771 605 863 633 sunt.
916 597 1081 633 Ceterum
1110 599 1291 647 sanguinis
1316 600 1503 644 circuitus,
1534 607 1708 646 quantum
1737 607 1807 634 tam
1836 600 1983 635 diversis
2004 614 2137 649 corpo-

367 674 445 694 rum
473 661 508 695 in
535 661 658 695 formis
684 660 761 694 fieri
789 667 926 707 potest,
969 661 1041 695 fere
1068 660 1164 695 idem
1192 668 1244 696 est
1277 662 1315 696 in
1342 660 1468 708 A‘pode
1496 668 1530 695 et
1554 661 1589 695 in
1620 661 1796 708 Daphni-a.
1850 662 1876 696 E
1902 661 2011 696 corde
2038 664 2137 697 enim

367 722 542 757 arierioso
568 721 639 755 duo
667 722 846 768 sanguinis
873 722 937 756 rivi
964 723 1153 768 oriuntur,
1181 735 1337 770 quorum
1361 723 1449 757 alter
1473 722 1518 757 ad
1545 729 1651 769 eaput
1677 736 1881 770 progressus
1907 729 1989 770 post,
2014 724 2136 758 oculos

368 783 553 817 descendit
581 789 616 816 et
642 782 687 816 ad
713 783 865 817 valvulas
898 796 934 817 se
962 785 1149 818 convertit.
1209 785 1282 819 Hae
1313 785 1471 819 valvulae
1498 791 1598 818 scuto
1627 785 1765 831 Apodis
1791 784 2013 832 respondent
2038 792 2074 818 et
2099 792 2138 819 ut

366 844 437 877 boc
464 843 709 890 respirationis
736 856 867 890 organa
894 850 976 877 sunt
1002 844 1234 880 branchialia.
1287 846 1414 880 Libere
1442 847 1540 880 enim
1569 853 1604 880 et
1626 847 1702 880 sine
1727 847 1878 881 vasculis
1897 847 2141 894 peculiaribus

367 917 432 951 per
459 917 516 938 eas
543 905 745 951 complures
768 905 949 951 sanguinis
975 906 1077 939 rivuli
1112 913 1284 952 manant,
1321 908 1384 955 qui
1412 909 1447 942 in
1472 914 1572 954 parte
1599 907 1729 942 dorsali
1758 920 1869 942 unum
1898 908 1935 942 in
1962 908 2140 943 maiorem

366 967 494 1012 rivum,
522 967 584 1014 qui
610 967 714 1000 simul
738 966 885 1013 Apodis,
913 980 1000 1014 quas
1022 967 1188 1014 diximus,
1214 981 1320 1004 venas
1346 970 1583 1015 lai-aixctiiates,
1610 976 1645 1004 et
1670 970 1831 1004 canalem
1859 970 2032 1017 imparem
2060 983 2138 1004 nie-

365 1029 513 1063 dianum
542 1029 671 1074 refert,
706 1030 889 1063 coniuncti
925 1029 970 1064 ad
998 1042 1169 1064 renosum
1205 1043 1268 1065 cor
1293 1031 1457 1065 redeunt.
1524 1032 1620 1066 Alter
1654 1031 1754 1066 rivus
1783 1044 1801 1065 e
1828 1030 1942 1065 corde·
1964 1032 2136 1066 arterioso

366 1098 463 1125 ortus
489 1104 554 1138 per
580 1098 717 1137 partem
746 1090 953 1125 abdominis
978 1093 1173 1126 venti-alem
1200 1092 1244 1127 ad
1269 1094 1528 1127 extremitatem
1555 1105 1670 1140 usque
1697 1093 1803 1127 simili
1831 1092 1944 1127 modo
1968 1099 2075 1140 atque
2100 1094 2138 1128 in

366 1150 492 1196 Apode
519 1150 676 1185 decurrit
712 1158 746 1185 et
776 1164 841 1198 per
869 1159 1007 1198 partem
1035 1152 1212 1187 ‹lm-salem
1241 1153 1344 1188 redit.
1406 1154 1454 1190 Ex
1481 1154 1613 1189 eodem
1638 1167 1788 1202 quoque
1814 1155 1891 1189 rivo
1918 1154 2075 1201 singulos
2100 1155 2139 1189 in

365 1211 475 1258 pedes
500 1211 747 1246 abdominales
774 1213 845 1247 sive
872 1213 1096 1248 branchiales
1123 1215 1224 1249 rivuli
1253 1215 1411 1250 minores
1439 1216 1670 1261 emittuntur3-
1695 1228 1788 1263 quae
1814 1215 1993 1262 sangui-nis
2018 1214 2139 1250 distri-

362 1274 463 1307 butio
492 1285 534 1307 eo
558 1274 602 1307 ab
630 1273 765 1320 Apodis
792 1280 967 1309 structura
994 1275 1132 1322 dissert,
1166 1276 1267 1324 quod
1293 1277 1329 1311 in
1358 1278 1430 1312 hoe
1455 1278 1556 1326 quasi
1581 1278 1753 1325 proprius
1780 1277 1931 1325 quidam
1957 1277 2139 1324 sanguinis

364 1347 428 1381 per
455 1333 564 1382 pedes
591 1335 757 1369 circuitus
784 1337 970 1382 reperitur.
1016 1337 1139 1385 ltaque
1167 1339 1203 1373 in
1232 1339 1406 1386 Daphniis
1434 1352 1583 1387 quoque
1609 1346 1764 1387 systema
1792 1338 2003 1373 arteriosum
2031 1350 2051 1373 a
2077 1350 2139 1372 ve-

364 1408 453 1430 noso
479 1409 554 1431 non
585 1397 688 1444 plane
715 1396 932 1432 disiunctum
961 1406 1013 1433 est
1039 1407 1073 1434 et
1107 1413 1187 1447 pars
1214 1401 1325 1435 inodo
1357 1402 1538 1449 sanguinis
1571 1402 1699 1449 quovis
1733 1401 1771 1435 in
1797 1400 1947 1435 circuitu
1974 1400 2135 1447 respirat.

366 1458 551 1491 Praeterea
578 1471 690 1504 quum
718 1471 758 1492 ca
784 1459 894 1493 modo
922 1472 1015 1506 vasa,
1041 1474 1134 1508 quae
1162 1475 1180 1496 e
1209 1462 1317 1496 eorde
1344 1463 1518 1497 arterioso
1545 1463 1776 1507 emittuntur,
1801 1462 1997 1509 parietibus
2025 1473 2136 1508 pecu-

361 1519 506 1552 liaribus
533 1519 702 1553 instructa
729 1532 802 1554 esse
829 1520 1028 1568 videantur,
1051 1523 1135 1557 satis
1157 1524 1347 1558 verisimile
1374 1531 1438 1570 est,
1461 1524 1644 1571 Daphnias
1669 1530 1709 1558 ut
1732 1523 1898 1571 Apodem
1925 1523 2136 1558 memb-rana

361 1582 397 1615 in
426 1579 622 1614 abdomine
648 1581 713 1614 sub
741 1581 850 1615 corde
879 1589 1021 1618 extensa
1048 1585 1238 1621 instructas
1263 1599 1356 1633 esse,
1397 1599 1469 1634 qua
1495 1587 1562 1621 rivi-
1587 1587 1626 1621 in
1652 1585 1849 1621 abdomine
1877 1583 2135 1621 descendentes

363 1648 397 1676 et
420 1641 654 1676 ascendentes
681 1644 772 1676 inter
798 1656 834 1677 se
860 1643 1119 1693 disiungantur.

460 1703 557 1737 Alius
582 1703 688 1737 etiam
716 1703 907 1751 Crustacei7
929 1706 1074 1756 Argulc'
1099 1708 1181 1744 dico
1199 1710 1370 1756 Joliacei,
1398 1710 1468 1744 hoe
1494 1710 1575 1744 loco
1603 1709 1740 1744 mentio
1769 1707 1931 1743 facienda
1957 1714 2028 1752 est,
2054 1707 2131 1754 qui,

366 1772 405 1799 ut
431 1765 550 1799 multis
576 1765 652 1799 aliis
680 1766 806 1812 rebus,
834 1768 884 1802 sic
907 1770 1087 1816 sanguinis
1114 1771 1265 1806 circuitu
1292 1771 1431 1819 Apodis
1454 1772 1645 1806 maximam
1673 1771 1823 1817 praebet
1847 1768 2130 1804 similitudinem.

364 1825 434 1860 Cor
461 1825 609 1872 quidem
636 1827 742 1861 huius
768 1830 951 1876 animalis,
984 1838 1022 1866 ut
1048 1831 1136 1867 dicit
1163 1833 1313 1868 lurine
1338 1834 1393 1879 *1,
1433 1834 1468 1868 in
1505 1840 1605 1881 parte
1642 1832 1790 1866 ventrali
1823 1829 2133 1878 cephalothoracis

362 1899 477 1934 prope
509 1894 589 1934 post
620 1895 774 1923 rostrum
801 1891 907 1926 situm
942 1899 1013 1938 est,
1045 1894 1110 1929 sed
1142 1894 1233 1930 haec
1267 1896 1468 1930 observatio
1505 1895 1615 1929 dubia
1649 1907 1723 1928 esse
1755 1893 1919 1937 videtur,
1957 1891 2130 1938 quoniam

363 1949 530 1983 omnibus
556 1950 594 1982 in
616 1951 800 1986 Annulatis
827 1965 889 1987 cor
912 1954 950 1989 iu
977 1962 1076 2002 parte
1106 1958 1272 2004 corporis
1296 1957 1426 1992 dorsali
1456 1957 1641 2004 reperitur.
1702 1954 1890 2002 Sanguinis
1916 1960 2033 1988 auten]
2061 1953 2130 1986 eir-

362 2012 495 2045 cuitum
524 2023 587 2057 per
609 2013 811 2058 complures
838 2017 999 2062 corporis
1027 2025 1143 2065 partes
1170 2027 1407 2067 persequutus
1440 2026 1492 2053 cst
1525 2018 1689 2053 luriue.
1741 2017 1888 2051 Scutum
1920 2014 2128 2061 bipartitum

362 2072 479 2118 Arguli
512 2079 551 2107 ut
575 2073 710 2120 Apodis
737 2083 874 2111 scutum
908 2079 1081 2115 branchia
1117 2088 1168 2115 est
1195 2088 1229 2115 et
1261 2082 1444 2115 canalibus
1476 2080 1650 2115 similibus
1679 2079 1889 2113 instructum
1925 2087 1999 2110 esse
2025 2074 2128 2109 vide-

361 2140 418 2167 tur
430 2134 488 2175 ΔΗ).
541 2134 689 2182 Sanguis
715 2144 833 2172 autem
860 2140 895 2174 in
923 2153 966 2174 eo
996 2154 1070 2176 non
1097 2144 1228 2177 multos
1255 2143 1413 2177 minores
1439 2142 1569 2176 rivulos
1596 2140 1808 2187 componit,
1832 2137 1895 2173 sed
1919 2148 2010 2171 unus
2036 2136 2130 2171 rivus

362 2195 555 2230 continuus
576 2197 761 2245 utriusque
790 2201 898 2245 partis
925 2202 1074 2237 lateralis
1101 2205 1301 2251 marginem
1326 2203 1564 2251 praeterfluit,
1601 2208 1641 2236 ut.
1667 2202 1735 2235 hae
1771 2198 1965 2235 branchiae
1991 2196 2128 2245 Apodis

364 2262 399 2289 et
415 2257 531 2303 Arguli
557 2258 684 2294 eadem
710 2273 748 2295 re
775 2260 916 2297 differre
943 2263 1141 2312 videantur,
1169 2278 1239 2313 qua
1266 2265 1357 2300 duae
1370 2265 1505 2313 Apodjs
1531 2264 1725 2300 branchiae
1752 2263 1791 2298 in
1815 2260 1969 2310 pedibus
1987 2260 2127 2308 positae

425 2412 459 2450 ὓ)
482 2411 614 2443 Annales
637 2413 674 2444 du
695 2415 826 2448 Museum
850 2419 1002 2451 ‹rhistoire
1024 2419 1175 2452 naturane.
1201 2419 1258 2450 VII.
1283 2429 1310 2460 p.
1325 2419 1396 2451 437.

402 2465 458 2503 ff)
480 2464 552 2496 Ibid.
581 2476 607 2506 p.
619 2467 680 2498 435
704 2470 773 2500 dicit
801 2473 943 2512 scriptor:
977 2474 1057 2512 „On-
1084 2484 1104 2514 y
1125 2476 1187 2506 voit
1215 2485 1254 2506 un
1277 2476 1345 2506 trait
1365 2474 1505 2505 verddtre
1531 2474 1580 2514 qui
1604 2473 1657 2503 rain
1676 2471 1704 2501 le
1726 2473 1852 2502 contour
1872 2469 1909 2500 dc
1933 2477 1985 2500 ces
2010 2467 2083 2498 ailes
2108 2467 2124 2497 ὲ

486 2520 609 2560 quelque
632 2521 765 2553 distance
788 2526 823 2555 de
853 2527 917 2559 leur
937 2528 1012 2560 bord
1038 2532 1067 2561 et
1088 2538 1154 2562 aua·
1168 2530 1276 2561 devant
1297 2529 1404 2570 duquel
1423 2529 1443 2560 il
1463 2538 1483 2570 y
1504 2537 1544 2559 on
1568 2536 1585 2558 a
1607 2535 1648 2558 un
1669 2529 1752 2558 autre
1773 2525 1928 2564 beaucoup
1950 2522 2014 2564 Plus
2039 2522 2122 2562 pem’

483 2573 553 2604 dont
571 2575 703 2616 j‘ignore
723 2577 847 2620 l'usage.
