2419 2972
367 412 522 458 Margine
549 423 567 444 c
596 411 792 457 posteriore
815 409 1036 456 gangliorum
1067 409 1163 442 nervi
1188 408 1260 443 duo
1288 409 1467 444 fortissimi
1496 411 1670 454 oriuntur‚
1699 411 1760 456 qui
1787 410 1822 444 in
1841 410 2040 456 posteriora

273 474 503 509 decurrentes
535 472 628 506 inter
653 470 811 505 maxillas
845 469 1000 503 maiores
1037 470 1128 518 (Fig.
1149 470 1218 506 VI.
1244 471 1295 511 D.)
1327 473 1549 518 gang-Horum
1586 472 1853 514 thoracicorum
1891 472 2040 506 alterum

279 547 344 581 par
366 533 467 574 (ibid.
499 532 558 573 G.)
587 537 825 578 componunt,
851 543 944 577 quae
964 532 1126 577 quamvis
1146 532 1326 577 prioribus
1349 534 1493 579 paululo
1522 534 1662 567 minora
1690 539 1724 566 et
1749 533 1860 579 magis
1884 533 1952 567 sibi
1978 545 2043 579 ap-

276 596 532 642 prosnnquata,
558 601 678 628 tamen
706 592 830 626 eadem
857 599 939 626 sunt
958 592 1071 626 forma
1092 592 1295 640 eodemque
1312 593 1436 639 modo,
1454 588 1526 640 quo
1544 595 1611 639 illa,
1631 594 1772 628 duobus
1796 595 1902 628 ramis
1928 601 2044 629 trans—

272 658 380 692 versis
407 657 556 691 fortibus
583 656 675 688 inter
700 666 736 687 se
764 654 967 689 coniuncta.
1020 654 1112 688 Haec
1138 655 1276 701 ganglia
1304 656 1459 690 maxillas
1487 656 1602 689 nervis
1630 656 1833 700 instruunt,
1867 655 2041 689 exteriore

272 720 368 754 euim
396 731 414 751 e
442 717 598 764 margine
624 715 811 762 utriusque
836 715 965 762 ganglii
993 714 1065 749 duo
1096 716 1192 750 nervi
1221 717 1402 762 oriuntur,
1438 730 1593 763 quorum
1621 717 1779 750 anterior
1804 717 1921 750 statim
1949 716 2040 751 duos

271 782 307 814 in
331 791 449 814 ramos
475 777 656 813 dividitur.
710 778 839 812 Ramus
867 778 940 812 eius
966 777 1124 812 anterior
1157 776 1256 817 (ibid.
1284 777 1347 816 M.)
1384 778 1553 824 utrinque
1587 776 1631 810 ad
1667 778 1842 811 maxillam
1878 777 2038 824 priorem

269 842 341 875 sive
368 841 546 874 minorem
573 851 610 873 se
633 839 771 873 confert
805 838 909 881 (ibid.
937 839 1011 884 B),
1044 851 1162 873 ramus
1192 840 1372 886 posterior
1405 839 1509 882 (ibid.
1538 838 1600 877 N.)
1637 845 1671 872 ct
1707 851 1833 873 nervus
1858 838 2038 885 posterior

270 915 344 949 lpse
372 900 473 941 Qibid.
503 901 555 941 O.)
584 901 761 943 maxillam
786 902 931 935 alteram
960 908 994 935 et
1021 901 1194 935 maiorem
1223 900 1322 941 (ibid.
1352 902 1408 943 D.)
1436 908 1580 948 petunt,
1611 899 1674 933 sed
1711 900 1866 933 ramulos
1891 899 2036 933 tenuio-

269 975 323 998 res
351 963 386 996 hi
415 974 565 1008 quoque
593 962 740 995 maxillis
763 962 945 1008 prioribus
972 961 1056 996 dare
1083 962 1259 996 videntur.
1288 985 1334 991 -—
1362 962 1526 997 Ceterum
1556 963 1686 996 horum
1715 974 1906 995 nervorum
1935 961 2034 1007 origo

268 1037 342 1058 non
370 1025 539 1058 omnibus
563 1024 598 1057 in
624 1024 837 1058 animalibus
864 1023 989 1058 eadem
1017 1036 1091 1058 esse
1118 1023 1281 1069 videtur,
1313 1037 1418 1071 saepe
1458 1026 1553 1058 enim
1588 1036 1679 1058 unus
1706 1035 1832 1057 eorum
1856 1023 1926 1056 iam
1954 1029 2035 1056 ante

265 1085 432 1132 gangliou
461 1085 582 1119 oritur.

365 1147 507 1194 Quibus
538 1147 684 1194 gangliis
717 1146 908 1180 thoracicis
943 1146 1153 1193 compositis
1186 1146 1303 1180 trunci
1340 1158 1530 1179 nervorum
1565 1146 1600 1179 in
1641 1145 1824 1180 abdomen
1860 1152 2037 1191 transgre-

268 1210 427 1254 diuntur,
450 1216 489 1243 ut
517 1209 609 1243 inter
634 1209 789 1255 primum
817 1219 882 1254 par
908 1207 1043 1253 pedum
1077 1207 1360 1242 abdominalium
1397 1208 1492 1255 (Fig.
1516 1207 1585 1242 ΓΙ,
1602 1207 1654 1248 G.)
1692 1208 1848 1254 primum
1874 1207 2036 1253 ganglio-

267 1284 345 1308 rum
373 1271 658 1306 abdominalium
686 1282 751 1317 par
776 1268 875 1309 (ibid.
903 1269 962 1310 Η.)
987 1270 1216 1304 constituant.
1263 1271 1474 1316 Priusquam
1504 1282 1587 1303 vero
1613 1269 1950 1316 ceplialothoracem
1978 1280 2035 1302 re-

267 1334 454 1380 linquunt,
490 1345 531 1367 ex
556 1332 598 1366 iis
623 1332 730 1379 ipsis,
761 1343 880 1378 neque
907 1343 925 1364 e
951 1331 1090 1378 ganglio
1119 1331 1299 1378 quodam,
1330 1331 1552 1365 filamentum
1587 1342 1756 1364 nerveum
1786 1328 2034 1363 tenuissimum

266 1395 366 1436 (ibid.
393 1396 427 1437 l.)
456 1396 587 1440 oritur,
615 1394 717 1442 quod
741 1394 921 1428 musculos
946 1394 1120 1429 venti-ales
1146 1392 1420 1440 longitudinales
1443 1400 1697 1439 transgressum
1726 1390 1772 1426 ad
1799 1389 1942 1424 tertium
1969 1401 2034 1436 pe-

265 1455 353 1490 dum
378 1456 645 1491 thoracicorum
672 1467 738 1502 par
761 1454 861 1496 (ibid.
891 1456 936 1496 F.)
960 1467 997 1489 se
1024 1455 1172 1489 confert.

361 1521 390 1557 §.
416 1518 474 1552 29.
528 1517 774 1566 Gangliormn
808 1516 1093 1552 abdominaliwn
1126 1519 1252 1553 series.
1283 1539 1333 1545 -
1364 1516 1556 1551 Abdomen
1587 1515 1732 1562 ingressi
1773 1514 1870 1549 nervi
1904 1514 2033 1548 seriem

263 1579 485 1626 gangliorum
520 1579 891 1627 frequentissimorum
930 1580 1077 1614 ventrali
1107 1581 1141 1614 in
1167 1586 1267 1626 parte
1294 1586 1521 1626 componunt
1544 1581 1585 1618 (v.
1609 1579 1691 1626 Flg.
1710 1578 1762 1618 I.).
1815 1575 1960 1611 Gaedc
1993 1577 2031 1610 in

264 1641 391 1688 Apode
418 1640 596 1688 producto
625 1642 745 1689 viginti
775 1642 937 1688 quinque
957 1642 1096 1689 ganglia
1123 1653 1197 1675 esse
1224 1640 1321 1674 dicit.
1356 1638 1577 1674 berthold
1601 1639 1635 1672 in
1650 1637 1776 1685 Apode
1804 1636 2031 1671 eanerisormi

264 1704 377 1737 multo
407 1702 555 1750 quidem
582 1703 756 1738 maiorem
786 1715 909 1737 eorum
939 1715 1128 1737 numerum
1146 1702 1246 1748 vidit,
1272 1709 1391 1736 tamen
1415 1702 1512 1736 hunc
1539 1701 1701 1746 corporis
1720 1699 1936 1734 annulorum
1965 1710 2032 1732 nu-

265 1775 365 1797 mero
394 1763 612 1810 respondere
637 1764 784 1810 putavit.
836 1764 944 1797 Aliter
976 1771 1094 1798 autem
1124 1776 1178 1798 res
1204 1763 1385 1797 sehabet.
1443 1763 1528 1797 Nam
1564 1768 1602 1795 ut
1635 1773 1741 1808 supra
1776 1759 2030 1794 animadverti-

264 1836 354 1869 ωας,
381 1831 415 1858 et
442 1831 550 1858 testae
575 1825 740 1858 ventralis
763 1831 797 1858 ct
824 1826 1065 1859 musculorum
1089 1826 1298 1860 ventralium
1322 1823 1633 1872 longitudinalium
1657 1829 1837 1870 segmenta
1857 1834 1930 1855 non
1947 1832 2028 1854 cum

264 1886 426 1932 corporis
452 1886 592 1920 annulis
619 1885 682 1920 sed
709 1898 790 1920 cum
817 1885 971 1933 pedibus
1008 1900 1157 1922 numero
1186 1899 1382 1934 congruere
1401 1913 1410 1931 ‚
1444 1887 1490 1920 ita
1519 1885 1616 1919 nervi
1649 1884 1801 1918 candem
1834 1884 1947 1929 legem
1974 1894 2030 1916 se-

265 1954 424 1994 quuntur
451 1954 485 1981 et
509 1948 641 1994 cuique
669 1946 802 1994 pedum
830 1948 906 1994 pari
933 1961 1044 1982 unuin
1070 1948 1293 1995 gangliorum
1329 1960 1393 1994 par
1422 1945 1626 1992 respondet.
1689 1945 1811 1992 Itaque
1839 1944 1875 1978 in
1903 1943 2029 1977 adultis

263 2007 476 2042 animalibus
506 2008 685 2055 sexaginta
721 2009 820 2055 paria
853 2009 1073 2056 gangliorum
1111 2009 1395 2044 abdominalium
1431 2009 1676 2055 reperiuntur,
1716 2006 1905 2050 undecim,
1938 2016 2028 2051 quae

264 2068 397 2114 pedum
424 2070 570 2116 paribus
598 2069 766 2104 undecim
793 2071 1032 2105 anterioribus
1058 2072 1235 2118 simulque
1263 2071 1424 2117 corporis
1449 2068 1619 2104 undecim
1638 2069 1778 2103 annulis
1799 2065 2030 2114 respondent,

266 2131 300 2164 in
328 2130 532 2166 abdominis
559 2138 659 2178 parte
686 2133 888 2178 anteriore,
926 2133 1159 2180 quadraginta
1199 2145 1328 2167 novem
1361 2139 1480 2167 autem
1509 2132 1544 2166 in
1582 2132 1656 2166 eius
1692 2137 1791 2177 parte
1819 2128 2027 2175 posteriore.

265 2195 380 2238 Atque
407 2193 443 2226 in
466 2193 525 2228 illa
552 2192 699 2240 quidem
728 2195 907 2229 anteriore
934 2201 1035 2241 parte
1063 2201 1097 2229 et
1123 2195 1250 2242 singuli
1278 2193 1378 2239 nodi,
1406 2194 1468 2241 qui
1494 2194 1600 2228 unius
1626 2199 1707 2227 sunt
1727 2191 1948 2238 gangliorum
1968 2201 2031 2235 pa-

267 2266 324 2297 ris,
353 2253 494 2289 duobus
521 2256 626 2290 ramis
652 2256 858 2289 transversis
886 2257 1008 2290 crassis
1035 2263 1070 2291 et
1095 2256 1231 2304 singula
1256 2256 1479 2303 gangliorum
1514 2255 1613 2302 paria
1647 2254 1722 2300 ipsa
1748 2252 1888 2286 duobus
1916 2250 2031 2285 nervis

266 2322 356 2349 iuter
378 2328 415 2349 se
438 2317 627 2351 coniuncta
654 2324 746 2351 sunt.
783 2317 876 2352 Nodi
900 2325 1017 2352 autem
1044 2319 1162 2365 magni
1176 2325 1269 2363 sunt,
1293 2318 1451 2365 depressi
1479 2324 1514 2352 et
1540 2317 1653 2351 forma
1674 2316 1743 2349 i'cre
1766 2312 2028 2348 semieirculari.

266 2377 468 2411 rosim-iore
494 2385 610 2413 autem
639 2379 676 2413 in
700 2386 799 2426 parte
827 2379 1053 2425 abdominis,
1086 2387 1125 2414 ut
1155 2379 1266 2427 pedes
1301 2379 1513 2414 decrescunt
1545 2385 1579 2412 et
1614 2377 1722 2423 magis
1751 2375 1934 2422 magisque
1963 2373 2030 2406 sibi

264 2439 620 2485 uppl'Opinquautur,
659 2441 707 2475 ita
734 2453 925 2475 nervorum
955 2454 1103 2489 quoque
1138 2441 1225 2476 nodi
1254 2449 1288 2476 et
1318 2442 1503 2485 laterales,
1540 2439 1601 2486 qui
1635 2438 1770 2485 singula
1807 2441 2031 2482 componunt

262 2500 484 2546 gaugliorum
512 2501 623 2547 paria,
649 2509 683 2536 et
706 2503 901 2537 anteriores
929 2504 1189 2549 posterioribus
1216 2504 1564 2550 appropinquantur.
1623 2501 1781 2534 Primum
1811 2499 1914 2544 igitur
1937 2495 2028 2530 duae

264 2564 370 2597 series
395 2564 617 2611 gangliorum
644 2565 802 2600 laterales
829 2567 865 2601 in
893 2578 998 2601 unam
1027 2565 1307 2609 confunduntur,
1333 2565 1435 2599 euius
1462 2563 1597 2610 singula
1622 2562 1758 2609 ganglia
1780 2559 1921 2593 duobus
1947 2569 2030 2592 ner-
