2419 2972
1102 318 1321 355 -6-

339 425 613 460 membranaceo
641 421 827 465 fusiformi,
855 420 916 466 qui
943 425 1059 452 totum
1086 430 1152 465 per
1178 428 1308 463 corpus
1334 416 1510 462 pertinet,
1535 420 1684 449 constat.
1738 412 1847 457 Quod
1872 420 1911 448 ut
1941 412 2102 460 affigatur

338 486 499 533 corporis
525 484 638 529 lateri,
665 482 756 517 duae
783 481 889 515 series
917 492 1107 527 parvorum
1134 478 1377 512 musculorum
1402 475 1542 517 (TabJ.
1559 475 1679 524 Fig.I.
1693 474 1731 510 L.
1746 472 1810 517 L‘.)
1839 474 2018 519 adiuvant,
2039 475 2101 521 qui

338 548 509 583 arcuatim
538 557 643 593 supra
670 544 765 578 idem
795 542 927 577 extensi
955 554 1020 575 nee
1045 553 1196 587 usquam
1225 539 1256 572 ei
1285 538 1351 585 ipsi
1378 537 1471 572 affixi
1498 544 1590 571 sunt.
1649 536 1799 570 Alterius
1823 536 1925 570 seriei
1951 536 2101 570 musculi

339 610 436 645 (ibid.
466 610 517 644 LA,
545 608 714 642 tenuibus
743 604 952 640 tendinibus
986 604 1021 637 in
1047 602 1247 649 posteriore
1282 599 1434 634 cuiusvis
1467 599 1587 633 annuli
1615 598 1773 646 margine
1807 598 1900 632 inter
1925 600 2104 633 musculos

337 669 615 717 longitudinales
641 667 797 701 dorsales
824 666 987 700 oriuntur
1021 671 1128 710 atque
1164 663 1312 709 oblique
1348 662 1385 696 in
1411 662 1589 695 anteriora
1617 660 1890 705 descendentes7
1916 662 2104 708 multoque

339 731 526 767 latitudine
554 730 660 774 aucti,
687 728 836 775 margini
864 727 1015 762 cuiusvis
1041 725 1162 759 annuli
1189 724 1359 758 anteriori
1388 724 1602 757 inseruntur.
1647 722 1799 756 Alterius
1823 722 1926 756 seriei
1953 723 2104 757 musculi

342 791 517 836 (ibidL‘j)
547 791 701 826 eundem
729 789 877 837 quidem
911 789 1047 823 habent
1082 794 1198 821 ortum
1227 785 1453 831 eandemque
1485 783 1738 828 insertionem,
1772 783 1951 830 longiores
1986 789 2105 817 autem

341 856 618 903 gracilioresque
642 860 677 887 et
703 853 747 886 ab
767 852 945 886 anteriore
972 850 1092 884 annuli
1114 849 1272 895 margine
1291 848 1438 893 oblique
1467 846 1502 879 in
1530 845 1729 892 posteriora
1754 844 2022 889 descendentes,
2046 856 2106 878 su-

340 930 404 964 pra
430 917 537 951 binos
562 915 724 962 corporis
750 914 900 948 annulos
928 912 1060 946 extensi
1087 918 1179 945 sunt.
1233 910 1356 956 ltaque
1389 920 1500 955 quum
1537 907 1573 941 lii
1609 906 1754 940 masculi
1781 905 1933 940 diversas
1962 906 1997 940 in
2023 918 2107 953 par-

342 986 392 1013 tes
415 983 572 1024 vergant,
599 976 699 1023 quasi
725 976 861 1022 plagam
890 980 1128 1020 componunt7
1150 985 1220 1019 qua
1249 972 1408 1006 ovarium
1437 971 1471 1003 in
1499 969 1662 1015 corporis
1686 968 1794 1001 latere
1817 967 2054 1014 suspenditur.

440 1043 469 1079 §.
493 1037 526 1072 4.
580 1038 742 1074 Mascula·
768 1036 1094 1085 ceplmlollioracis.
1122 1053 1167 1062 —
1208 1033 1317 1078 Quod
1351 1032 1396 1067 ad
1420 1033 1599 1066 musculos
1631 1031 1942 1078 cephalothoracis
1971 1032 2108 1077 attinet,

342 1102 411 1134 iam
437 1111 543 1145 supra
570 1098 743 1142 diximus,
777 1097 958 1131 musculos
985 1096 1154 1142 obliquos
1180 1094 1336 1129 dorsales
1365 1092 1469 1136 (Tab.
1487 1093 1514 1127 I.
1542 1093 1622 1140 Fig.
1638 1092 1663 1127 I.
1679 1091 1741 1130 A.)
1774 1091 1865 1138 parti
1901 1092 1975 1125 eius
2001 1104 2107 1138 supe-

342 1162 427 1195 riori
455 1174 490 1194 se
522 1162 686 1193 inserere.
738 1159 920 1206 Teguntur
945 1164 1063 1191 autem
1091 1157 1167 1191 aliis
1194 1157 1361 1190 musculis
1388 1154 1528 1195 (Talnl.
1546 1153 1744 1201 F1·g.I.B.>,
1772 1153 1833 1199 qui
1857 1165 1875 1187 a
1903 1154 2010 1187 latere
2027 1166 2109 1187 cor-

343 1224 440 1269 poris
467 1230 500 1256 et
528 1235 547 1256 a
575 1222 735 1256 musculo
760 1233 889 1268 magno
917 1219 1206 1254 mandibularum
1235 1217 1467 1252 ascendentes
1495 1229 1535 1250 ex
1558 1223 1709 1262 utraque
1733 1222 1833 1261 parte
1860 1213 1978 1248 cordis
2001 1221 2109 1248 testae

343 1292 507 1318 externae
534 1283 845 1330 cephalothoraeis
871 1294 946 1316 sese
973 1280 1130 1328 affigunt.
1176 1281 1271 1314 Inter
1297 1292 1389 1326 quos
1416 1291 1506 1313 unus
1533 1278 1725 1325 praecipue
1741 1276 1986 1323 magnitudine
2006 1289 2111 1323 prae-

342 1353 420 1389 stat,
448 1345 510 1391 qui
535 1356 575 1377 ex
601 1342 750 1377 tendine
774 1342 889 1377 valida
917 1349 1014 1376 ortus
1041 1342 1172 1376 multos
1200 1342 1234 1376 in
1263 1341 1445 1376 fasciculos
1469 1341 1550 1374 coni
1578 1340 1729 1374 sormam
1757 1339 1949 1374 referentes
1977 1338 2112 1373 diffun-

343 1407 448 1441 ditur.
484 1424 529 1430 -
567 1405 605 1439 In
641 1404 809 1438 inferiore
841 1411 941 1450 parte
979 1416 1091 1451 quum
1124 1404 1275 1437 musculi
1315 1402 1521 1437 abdominis
1554 1402 1828 1450 longitudinales
1859 1402 2034 1436 ventrales
2063 1401 2110 1436 ad

341 1468 540 1502 musculum
566 1479 681 1513 usque
708 1465 997 1500 nmmlibularum
1021 1464 1230 1512 procedant,
1256 1465 1293 1498 hi
1318 1465 1627 1511 cephalothoracis
1654 1476 1802 1511 quoque
1827 1470 1964 1511 partem
1988 1471 2111 1510 poste-

342 1530 475 1563 riorem
502 1526 819 1574 transgrediuntur.
872 1526 1020 1560 Museuli
1048 1538 1196 1573 quoque
1224 1525 1272 1570 ii,
1307 1527 1369 1572 qui
1398 1525 1554 1559 maxillas
1580 1531 1744 1569 movent,
1780 1525 1940 1558 musculo
1969 1525 2113 1559 mandi-

344 1591 508 1624 bularum
537 1589 659 1623 inserti
685 1595 767 1622 sunt
803 1593 844 1628 (v.
878 1587 962 1623 Tab.
982 1588 1049 1622 Ill.
1073 1587 1241 1636 F1·g.Vl.
1262 1588 1298 1623 B.
1318 1589 1380 1628 D.>.
1413 1609 1463 1616 ·—
1500 1588 1590 1622 Ante
1617 1587 1843 1622 mandibulas
1870 1588 1907 1621 in
1934 1588 2114 1621 anteriore

346 1659 445 1699 parte
471 1651 675 1685 semilunari
700 1650 1010 1697 cephalothoraeis
1037 1650 1261 1696 oesophagus
1279 1650 1384 1694 (Tab.
1397 1650 1422 1686 l.
1434 1651 1515 1699 Fig.
1528 1651 1577 1685 Il.
1591 1651 1644 1690 P.)
1662 1650 1833 1695 ascendit,
1861 1649 1924 1696 qui
1951 1661 2008 1683 sex
2034 1661 2116 1682 mu·-

347 1715 450 1748 seulis
479 1714 645 1757 fortibus,
681 1720 715 1746 et
742 1713 901 1746 musculo
927 1712 1216 1747 mandibularum
1245 1719 1279 1746 et.
1305 1718 1414 1746 testae
1441 1712 1531 1758 parti
1560 1711 1717 1745 inferiori
1744 1711 1896 1756 insertis7
1922 1709 2116 1743 affirmatus

349 1784 409 1810 est.
463 1776 514 1809 Ab
550 1775 608 1808 illo
642 1774 774 1808 scilicet
800 1774 872 1808 duo
907 1775 1056 1808 musculi
1082 1774 1288 1808 validissimi
1318 1773 1416 1815 (ibid.
1447 1775 1501 1821 Q.)
1530 1774 1710 1819 oriuntur,
1743 1773 1805 1820 qui
1838 1773 2117 1806 extremitatibus

351 1838 503 1872 dilatatis
529 1843 646 1870 totum
674 1836 868 1882 oesophagi
894 1837 1066 1882 parietem
1094 1837 1330 1882 posteriorem
1357 1837 1530 1882 vestiunt3
1558 1837 1686 1871 interni
1707 1837 1802 1870 enim
1822 1848 1945 1870 eorum
1962 1835 2115 1869 l‘asciculi

351 1913 392 1933 ex
424 1906 576 1945 utraque
610 1904 710 1944 parte
743 1898 810 1931 sibi
847 1898 1129 1944 appropinquati
1162 1898 1350 1932 medianae
1383 1899 1577 1945 oesophagi
1611 1899 1724 1932 lineae
1758 1898 1958 1931 inseruntur
1986 1903 2019 1930 et
2047 1896 2117 1930 hoe

352 1961 463 1995 modo
492 1961 583 1994 inter
610 1972 645 1993 se
674 1966 708 1992 et
735 1960 932 1993 musculum
962 1959 1249 1993 mandibularum
1277 1960 1404 1993 fossam
1418 1961 1669 2007 triangularem
1697 1959 1932 2003 constituunt,
1959 1959 1995 1992 in
2008 1971 2116 2005 quam

352 2023 535 2058 ventriculi
563 2022 773 2055 membrana
800 2020 996 2054 deseendit.
1049 2021 1085 2054 ln
1114 2022 1292 2056 anteriore
1315 2022 1508 2069 oesophagi
1537 2022 1670 2068 pariete
1698 2033 1739 2055 ex
1764 2027 1915 2067 utraque
1932 2027 2029 2067 parte
2045 2020 2117 2053 duo

357 2086 519 2120 oriuntur
552 2083 723 2123 musculi3
759 2083 845 2116 alter
871 2082 970 2122 (ibid.
997 2082 1046 2121 S.)
1075 2084 1238 2130 superior
1261 2084 1408 2129 oblique
1437 2083 1473 2116 in
1497 2083 1675 2116 anteriora
1703 2089 1736 2116 et
1763 2082 1936 2116 exteriora
1963 2081 2121 2115 decurrit

357 2154 386 2180 ct
416 2159 489 2179 sese
516 2152 626 2179 testae
653 2143 785 2191 affigit,
819 2144 906 2177 alter
940 2143 1038 2184 (ibid.
1073 2145 1122 2183 T.)
1159 2158 1177 2178 e
1205 2145 1351 2179 tendine
1386 2146 1485 2179 tenui
1514 2153 1610 2179 ortus
1638 2145 1841 2191 multosque
1875 2145 1910 2177 in
1936 2143 2119 2177 fasciculos

355 2207 500 2241 diffusus
524 2214 604 2241 ante
633 2206 730 2239 illum
759 2204 869 2238 niodo
898 2205 1114 2251 descriptum
1144 2206 1261 2240 eidem
1288 2219 1363 2240 sese
1388 2207 1520 2240 inserit.
1551 2225 1596 2231 —
1632 2207 1797 2253 Denique
1823 2211 1904 2251 post
1930 2205 1996 2238 hos
2023 2217 2121 2238 mus-

356 2270 453 2302 culos
479 2268 551 2302 duo
579 2268 637 2302 alii
665 2267 937 2313 conspiciuntur
964 2267 999 2300 iu
1025 2267 1326 2313 cephalothorace
1354 2269 1419 2302 illis
1445 2269 1595 2313 similes,
1628 2281 1782 2315 quorum
1817 2268 1902 2301 alter
1935 2266 2033 2307 (ibid.
2063 2266 2118 2307 U)

359 2344 376 2365 e
402 2329 551 2364 tendine
578 2329 675 2363 tenui
703 2330 739 2363 in
766 2328 860 2362 labio
890 2328 1074 2374 superiore
1102 2330 1233 2374 oritur,
1271 2330 1357 2364 alter
1385 2329 1487 2373 (ibid.
1519 2330 1580 2370 V.)
1608 2330 1729 2364 colore
1755 2328 1909 2363 candido
1937 2335 2120 2375 praestans

354 2392 501 2426 tendine
525 2397 668 2437 angusta
694 2390 853 2424 musculo
882 2389 1170 2424 numdilmlarum
1198 2390 1319 2425 affixus
1345 2398 1406 2426 est.

454 2454 598 2487 Praeter
634 2451 701 2484 hos
734 2452 911 2485 musculos
947 2453 1081 2498 pariete
1117 2453 1153 2486 in
1186 2452 1352 2487 inferiore
1386 2454 1695 2501 eephalothoraeis
1733 2453 1818 2487 sitos
1848 2452 1915 2486 hae
1951 2452 1987 2485 in
2019 2455 2120 2496 parte

359 2515 414 2548 alii
439 2513 588 2548 musculi
611 2525 684 2546 non
712 2512 952 2557 inveniuntur,
979 2513 1042 2547 sed
1070 2514 1348 2548 innumerabiles
1373 2515 1643 2561 conspiciuntur
1669 2513 1832 2547 tendines
1855 2511 2037 2560 parvulae,
2063 2516 2118 2543 te-

361 2588 445 2610 nues
469 2587 509 2609 ae
534 2573 753 2618 multifidae,
787 2586 879 2620 quae
906 2587 946 2608 ex
978 2576 1113 2621 pariete
1141 2576 1308 2611 inferiore
1335 2577 1427 2610 inter
1452 2576 1597 2610 lacinias
1623 2575 1808 2622 glandulae
1835 2572 2019 2608 ventriculi
2046 2571 2116 2607 hoc
