2419 2972
1048 319 1295 357 ..53-

385 421 413 457 §.
441 419 500 452 39.
560 417 690 452 Partes
721 417 901 464 genitales
933 415 1065 451 viriles.
1102 433 1146 439 --
1181 416 1233 451 De
1267 416 1402 464 Apodis
1440 418 1651 465 genitalibus
1683 421 1888 456 masculinis
1925 421 2053 458 diversi

287 481 476 526 scriptores
503 491 721 525 magnopere
749 479 840 511 inter
865 489 901 510 se
937 476 1160 511 dissentiunt.
1215 477 1346 513 Omnia
1379 479 1544 514 animalia
1576 480 1695 516 adhuc
1727 491 1867 530 reperta
1898 485 2053 521 feminea

288 548 408 586 erant,
444 548 478 575 et
505 541 560 575 vix
588 540 732 586 intelligi
763 545 901 585 potest,
936 538 1125 585 quomodo
1154 540 1319 586 masculi,
1353 542 1514 587 quamvis
1546 544 1792 591 magnitudine
1824 554 1858 581 et
1892 549 2054 595 corporis

287 603 400 637 forma
429 601 529 637 valde
556 602 600 636 ab
629 601 693 635 illis
720 600 941 647 discrepent,
969 601 1215 635 observatores
1249 602 1444 649 effugerint.
1496 604 1582 638 Nam
1609 605 1844 641 Schaesscr
1872 622 1935 654 per
1962 622 2052 656 qua-

286 671 369 698 tuor
394 675 507 698 annos
533 663 621 697 haec
647 662 813 696 animalia
842 662 1057 707 observavit,
1085 669 1117 696 et
1145 675 1209 709 ego
1236 663 1310 710 ipse
1334 676 1354 698 a
1379 676 1460 698 vere
1487 665 1532 700 ad
1559 673 1769 702 antummum
1797 681 1910 715 usque
1938 678 2052 705 extre-

288 738 388 759 mum
417 737 490 759 non
516 725 630 757 solum
657 723 766 757 multa
794 736 918 757 eorum
947 724 1045 770 cepi,
1075 724 1137 758 scd
1165 725 1273 759 multa
1302 725 1408 759 etiam
1436 738 1476 760 ex
1506 727 1580 761 ovis
1607 727 1775 774 educavi,
1810 743 1903 776 quae
1931 733 2054 766 omnia

287 787 438 821 feminea
465 792 573 820 erant.
625 785 861 821 Schaeffer
884 785 988 832 igitur
1011 786 1328 833 hermaphroditos
1354 786 1497 834 Apodes
1523 801 1598 822 esse
1623 791 1770 836 putavit,
1795 799 1913 838 partes
1936 800 2054 828 autem

286 848 454 894 genitales
486 846 602 880 viriles
631 859 706 880 non
742 846 888 880 invenit.
953 847 1175 882 Berthold
1211 861 1360 895 quoque
1395 849 1713 896 hermaphroditos
1755 865 1816 887 eos
1853 865 1947 899 esse,
1991 856 2054 901 qui

288 910 353 957 ipsi
378 910 444 943 sibi
471 909 731 954 satisfacerent,
763 909 922 943 sacculos
954 916 1072 943 autem
1103 910 1199 955 illos,
1236 911 1297 956 qui
1334 910 1515 945 interdum
1550 913 1587 946 in
1622 912 1774 959 pedibus
1813 915 2055 962 inveniuntur,

288 977 403 1017 partes
428 971 598 1017 genitales
624 983 698 1004 esse
726 977 760 1004 et
785 982 908 1004 semen
936 971 977 1004 iis
1003 978 1178 1005 secretum
1205 983 1270 1017 per
1295 972 1367 1005 vias
1392 971 1555 1006 nonduin
1584 973 1743 1020 cognitas
1769 976 1899 1009 ovariis
1925 976 2056 1011 adduci

290 1032 510 1066 existimauit.
565 1031 682 1075 Quam
711 1032 923 1079 opinionem
952 1032 1022 1065 iam
1049 1044 1155 1079 supra
1182 1032 1348 1067 refutasse
1376 1040 1410 1067 et
1437 1034 1511 1067 illas
1538 1041 1654 1080 partes
1680 1035 1870 1070 branchias
1897 1049 1970 1071 esse
1993 1038 2058 1073 de-

289 1101 486 1128 111011trasse
511 1107 568 1128 me
596 1101 682 1140 puto
699 1095 740 1135 ²⁸).
763 1094 1044 1141 —Quamquam
1072 1095 1162 1128 mihi
1190 1108 1338 1142 quoque
1365 1097 1515 1130 minime
1541 1098 1701 1144 contigit,
1725 1105 1764 1132 ut
1787 1099 1880 1134 hanc
1906 1099 2059 1146 deApo-

287 1155 342 1190 dis
364 1168 494 1203 genere
526 1156 774 1202 quaestionem
801 1168 947 1203 prorsus
974 1156 1200 1203 expedirem,
1227 1163 1348 1191 tamen
1376 1170 1463 1205 quas
1490 1159 1755 1194 observationes
1782 1160 1869 1206 feci,
1894 1162 2055 1196 reseram.

288 1218 461 1252 Genitalia
490 1219 684 1252 masculina
711 1225 854 1253 externa
881 1231 938 1252 me
966 1220 1138 1265 reperisse
1160 1225 1260 1265 puto.
1299 1220 1419 1254 Ultimi
1447 1220 1609 1266 corporis
1635 1221 1756 1254 annuli
1785 1222 1820 1255 in
1848 1229 1947 1268 parte
1969 1222 2057 1257 dor-

287 1280 348 1314 sali
380 1292 444 1314 nec
471 1281 594 1326 procul
621 1292 640 1314 a
666 1280 757 1314 linea
782 1280 950 1315 mediana
973 1282 1168 1315 eminentia
1201 1282 1379 1328 quaedam
1406 1295 1513 1329 parva
1541 1283 1712 1329 utrinque
1738 1284 1932 1329 reperitur,
1964 1297 2056 1330 quae

290 1343 401 1376 tribus
430 1343 482 1376 vel
508 1349 663 1389 quatuor
689 1343 837 1390 spinulis
862 1350 972 1377 testae
998 1343 1217 1378 circumdata
1244 1352 1303 1379 est.
1329 1345 1430 1378 Testa
1456 1351 1573 1378 autem
1599 1344 1769 1390 detracta,
1794 1345 1865 1379 hoc
1891 1346 1971 1380 loco
1989 1347 2053 1380 sub

291 1406 383 1452 plica
407 1405 680 1440 membranacea
707 1417 837 1453 corpus
861 1418 1010 1453 parvum
1038 1418 1079 1441 ac
1100 1413 1193 1441 teres
1220 1405 1326 1451 (Tab.
1341 1406 1387 1441 II.
1415 1406 1488 1453 Fig
1501 1406 1591 1442 XV.
1610 1407 1646 1442 P.
1691 1406 1775 1442 Tab.
1793 1407 1861 1442 III.
1890 1408 1963 1456 Fig
1973 1408 2000 1443 I.
2020 1409 2056 1442 P.

295 1466 380 1502 Tab.
408 1467 435 1502 I.
463 1468 544 1514 Fig.
560 1467 666 1509 XV.)
693 1468 772 1514 plus
798 1469 958 1503 minusve
987 1469 1145 1515 eminet,
1170 1470 1270 1504 cuius
1297 1470 1333 1503 in
1359 1468 1459 1515 apice
1487 1468 1615 1502 fossula
1642 1469 1801 1516 margine
1828 1470 1974 1504 elatiore
1990 1471 2059 1504 cir-

289 1528 455 1564 cumdata
480 1530 712 1577 conspicitur.
764 1530 840 1564 Hoc
866 1543 996 1577 corpus
1023 1532 1184 1565 animalis
1210 1543 1341 1578 penem
1366 1537 1557 1565 retractum
1582 1542 1675 1575 esse,
1703 1530 1764 1577 qui
1790 1530 1825 1564 in
1853 1531 1949 1565 coitu
1971 1544 2058 1578 pro-

288 1592 425 1626 moveri
452 1592 584 1638 possit,
619 1599 718 1638 puto.
772 1592 1032 1638 Schaesser,
1068 1593 1230 1640 quamvis
1266 1605 1391 1627 omnes
1418 1593 1502 1627 alias
1528 1592 1690 1639 corporis
1714 1599 1832 1639 partes
1855 1592 2057 1626 admirabili

288 1652 472 1701 diligentia
498 1653 704 1701 descripsit,
740 1661 860 1688 tamen
893 1655 930 1689 in
961 1655 1097 1703 Apode
1127 1655 1367 1702 cancriformi
1398 1655 1462 1689 has
1496 1662 1614 1701 partes
1649 1654 1820 1701 neglexit,
1857 1654 1894 1688 in
1920 1654 2056 1702 Apode

282 1715 466 1762 producto
493 1722 624 1761 autem,
651 1716 688 1750 in
716 1729 789 1763 quo
817 1716 884 1750 hae
911 1724 1028 1763 partes
1055 1718 1209 1751 maiores
1235 1730 1308 1752 esse
1334 1717 1512 1762 videntur,
1540 1729 1598 1750 eas
1625 1715 1787 1762 depinxit
1812 1716 1845 1756 (l.
1859 1728 1888 1750 c.
1905 1715 2052 1750 Tab.V1.

286 1778 345 1825 Fig
357 1778 438 1811 Vlll.
455 1777 512 1819 ιι).
564 1777 618 1811 Ad
640 1777 705 1812 has
730 1785 860 1824 partes,
887 1785 925 1812 ut
950 1791 1056 1823 supra
1084 1779 1248 1824 diximus,
1273 1792 1392 1814 ramus
1419 1780 1510 1813 illius
1537 1778 1635 1813 nervi
1662 1777 1846 1820 (Tah.IlI.
1873 1778 1983 1827 Figl.
2000 1781 2053 1818 x.)

283 1853 320 1874 se
346 1840 503 1885 confert,
537 1841 599 1887 qui
627 1853 645 1874 e
671 1841 817 1888 gangliis
844 1840 1134 1875 abdominatitms
1161 1848 1259 1875 ortus
1292 1841 1337 1875 ad
1372 1848 1568 1875 extremum
1601 1840 1763 1887 corporis
1789 1841 1961 1874 annulum
1989 1839 2054 1874 de-

283 1902 402 1936 currit.
433 1920 476 1927 -—
507 1901 682 1936 Genitalia
708 1902 903 1936 masculina
930 1902 1067 1937 interna
1095 1903 1274 1938 difficilius
1300 1905 1564 1951 investigantur.
1616 1903 1652 1937 Si
1680 1902 1862 1937 abdomen
1890 1903 2052 1936 animalis

282 1975 301 1997 a
329 1962 437 1998 dorso
466 1964 643 2010 aperitur,
679 1964 716 1998 in
752 1964 951 2010 posteriore
983 1965 1057 1998 eius
1084 1972 1183 2012 parte
1209 1967 1320 2000 multa
1344 1965 1525 1999 filamenta
1551 1976 1689 1998 ramosa
1718 1971 1752 1998 et
1776 1964 1870 1998 varie
1898 1964 1989 1997 inter
2015 1975 2050 1997 se

282 2026 485 2069 coniuncta,
512 2038 667 2072 quorum
695 2027 868 2060 nonnulla
896 2039 936 2059 ex
962 2033 1114 2073 utraque
1140 2035 1241 2074 parte
1273 2028 1430 2061 intestini
1458 2026 1503 2060 ad
1529 2026 1688 2060 medium
1721 2038 1834 2072 usque
1868 2024 2050 2058 abdomen

282 2086 496 2131 ascendunt,
529 2087 766 2134 reperiuntur.
809 2089 904 2128 (Pars
930 2088 1049 2134 aliqua
1077 2101 1201 2122 eorum
1229 2089 1405 2123 delineata
1432 2095 1484 2122 est
1515 2087 1590 2123 Tah
1604 2087 1631 2122 I.
1660 2087 1740 2136 Fig.
1757 2087 1866 2122 ΧῙἿ.
1884 2085 1957 2126 A.).
2009 2085 2048 2119 In

282 2148 413 2182 annulo
442 2150 604 2196 corporis
629 2149 831 2196 penultimo
861 2149 932 2183 fere
958 2149 1051 2183 haec
1078 2149 1259 2183 filamenta
1285 2151 1475 2184 amborum
1501 2150 1674 2193 laterum,
1707 2149 1745 2182 in
1776 2148 1898 2194 plagae
1929 2145 2048 2179 cuius-

282 2208 364 2243 dam
393 2211 540 2245 modum
568 2212 662 2245 inter
687 2224 723 2245 se
750 2212 962 2257 coniuncta,
998 2212 1204 2245 intestinum
1231 2224 1249 2246 a
1275 2219 1375 2259 parte
1401 2212 1583 2259 superiore
1611 2212 1793 2256 obtegunt.
1847 2209 1884 2241 ln
1920 2208 2045 2241 ultimo

281 2278 399 2305 autem
426 2273 587 2319 corporis
621 2274 753 2307 annulo
794 2274 956 2320 quamvis
997 2273 1175 2307 difficilius
1206 2275 1368 2321 perquiri
1402 2281 1436 2308 et
1468 2286 1487 2308 a
1518 2273 1678 2320 partibus
1710 2270 1954 2305 adiacentibus
1989 2281 2045 2303 se-

279 2333 395 2379 parari
423 2341 589 2379 possunt,
612 2342 732 2369 tamen
761 2336 933 2370 nonnulla
960 2348 1085 2370 eorum
1113 2334 1158 2370 ad
1184 2348 1295 2382 penes
1321 2334 1512 2371 ascendere
1538 2334 1627 2368 mihi
1654 2332 1876 2366 videbantur.
1928 2330 2043 2365 Semel

339 2527 372 2563 *J
396 2526 424 2555 ln
448 2526 526 2556 Iside
550 2526 636 2556 1834.
665 2537 692 2566 p.
713 2529 781 2559 680.
804 2533 996 2560 memoratum
1021 2533 1084 2567 est,
1118 2538 1214 2559 mares
1236 2530 1349 2569 Apodis
1376 2528 1523 2568 reperisse
1547 2526 1582 2557 cl.
1597 2525 1811 2556 Collarum,
1836 2523 1888 2552 sed
1912 2523 2041 2562 diligen-

403 2580 460 2610 tior
483 2589 586 2610 eorum
611 2581 780 2621 descriptio,
803 2584 881 2622 quod
905 2585 984 2622 scio,
1008 2584 1138 2614 nonduin
1163 2587 1266 2614 exstat.
