2419 2972
367 424 480 447 massa
508 414 665 460 quadam
694 416 791 462 nigra
819 414 920 456 (ibid.
944 417 992 462 p.)
1021 411 1260 448 circumdatus
1287 425 1361 447 esse
1388 411 1537 447 videtur.
1598 411 1660 446 Sin
1688 419 1806 446 autem
1831 413 1973 448 oculum
2001 414 2046 447 ab
2073 425 2137 448 an-

367 475 499 508 teriore
525 487 565 509 ae
592 477 776 523 superiore
802 483 902 523 parte
929 475 1217 522 contemplamur
1243 474 1335 522 (Fig.
1346 474 1451 509 XXI.
1471 473 1521 514 C.)
1550 485 1663 507 massa
1690 486 1857 519 nervosa,
1895 475 2008 509 forma
2035 482 2138 509 ovata

368 542 476 581 atque
500 538 600 582 apice
627 537 770 581 obtuso,
797 537 1028 583 conspicitur.
1081 536 1107 569 A
1134 535 1303 569 lateribus
1331 536 1425 569 enim
1453 536 1591 582 positae
1617 542 1700 570 sunt
1725 535 1817 570 duae
1842 544 1960 583 partes
1987 549 2136 571 nerveae

368 595 466 634 (ibid.
496 597 566 642 h),
605 610 697 644 quae
733 598 768 631 in
796 598 1012 632 valvularum
1039 596 1190 631 niodum
1219 597 1432 630 coniunctae
1458 603 1550 630 sunt.
1602 597 1733 630 Harum
1762 609 1802 631 ex
1830 597 1930 643 apice
1957 599 2136 633 anteriore

366 664 522 703 quatuor
550 670 740 692 nervorum
765 658 946 693 filamenta
972 658 1181 692 tenuissima
1210 657 1314 700 (ibid.
1343 658 1388 698 ls.)
1416 658 1600 703 oriuntur,
1639 670 1731 705 quae
1764 671 1849 692 num
1879 658 1924 692 ad
1950 671 2135 706 processus

364 717 594 764 glandulosos
628 720 845 765 ventriculi,
887 732 933 754 au
969 719 1014 754 ad
1045 720 1292 753 membranam
1327 720 1450 753 oculos
1485 720 1747 766 cerebrumque
1781 719 2064 754 circumdantem
2098 733 2134 755 se

367 787 596 825 convertant,
634 781 723 814 mihi
751 793 827 815 non
855 782 1076 827 exploratum
1105 787 1166 813 cst.
1219 781 1287 814 lllis
1320 779 1459 814 duabus
1491 781 1652 827 partibus
1685 782 1823 815 nerveis
1849 781 2052 816 lateralibus
2078 794 2135 816 re-

366 840 477 886 iectis,
505 854 618 876 massa
644 842 822 889 quaedam
848 843 945 889 nigra
964 843 1060 890 (Fig.
1079 842 1265 890 XXll.p.)
1293 843 1330 876 in
1357 849 1589 889 conspectum
1616 843 1725 887 venit,
1753 855 1844 889 quae
1861 843 1954 877 oculi
1970 843 2135 890 pigmen-

364 908 438 936 tum
468 903 646 950 reliquum
672 915 746 936 esse
773 902 934 948 videtur3
969 910 1004 937 et
1030 915 1048 937 a
1074 910 1175 949 parte
1202 904 1387 950 superiore
1412 904 1509 938 nervi
1538 904 1721 938 cuiusdam
1751 904 1851 945 (ibid.
1880 907 1913 945 ί.)
1947 904 2134 939 rudimen-

362 971 438 998 tum
465 977 506 998 ex
534 966 728 999 eminentia
755 965 910 1011 quadam
938 965 1123 1012 egrediens
1151 965 1393 1010 conspicitur„
1432 963 1533 1010 quod
1563 965 1778 1011 simulatque
1806 964 1872 998 illis
1897 965 2055 1011 partibus
2083 966 2134 999 la-

364 1027 533 1060 teralibus
558 1027 759 1071 intervenit,
787 1027 973 1062 evanescit.
1010 1026 1103 1060 Haec
1130 1033 1304 1059 structura
1329 1026 1436 1060 huius
1464 1026 1586 1072 organi
1612 1027 1653 1060 iis
1680 1027 1717 1060 in
1744 1026 1969 1070 animalibus,
1995 1026 2031 1060 in
2051 1028 2133 1073 qui-

361 1087 428 1120 bus
454 1088 647 1122 maximum
677 1094 858 1134 repertum
888 1094 961 1132 est,
997 1099 1071 1121 esse
1097 1086 1248 1120 videtur.
1312 1085 1494 1120 Interdum
1522 1094 1640 1121 autem
1669 1087 1842 1134 pigmenti
1870 1087 1986 1121 maior
2011 1089 2133 1122 multi-

359 1149 448 1183 tudo
478 1157 511 1183 et
539 1150 696 1183 minores
721 1155 840 1195 partes
867 1149 1027 1183 laterales
1053 1160 1202 1182 nerveae
1229 1148 1468 1182 inveniuntm‘.
1530 1148 1661 1182 Oculus
1688 1149 1793 1195 igitur
1818 1148 1960 1182 animali
1989 1149 2131 1184 iuvenili

360 1213 541 1257 proprius,
568 1212 668 1246 euius
690 1211 782 1245 haec
810 1217 891 1244 sunt
916 1210 1134 1255 rudimenta9
1161 1208 1308 1254 simplex
1333 1220 1407 1241 csse
1421 1208 1572 1254 videtur„
1600 1216 1634 1242 ct
1660 1209 1687 1242 si
1714 1216 1887 1243 structura
1909 1210 1983 1244 eius
2007 1210 2132 1246 eadem

360 1280 423 1317 est,
452 1286 544 1319 quae
569 1274 605 1306 in
634 1273 744 1306 oculis
771 1273 995 1320 simplicibus
1022 1274 1241 1307 Insectorum
1278 1277 1312 1304 et
1346 1269 1563 1304 Aranearum
1595 1270 1820 1315 observatur,
1858 1284 2005 1306 nervum
2035 1273 2132 1307 illum

359 1334 452 1382 (Fig.
472 1334 596 1368 XXII.
625 1336 683 1379 ii),
723 1335 785 1380 qui
822 1347 841 1368 a
873 1341 973 1380 parte
1003 1334 1187 1381 superiore
1214 1333 1306 1366 inter
1338 1339 1457 1378 partes
1483 1332 1642 1366 laterales
1666 1331 1877 1377 descendit‚
1915 1334 2131 1379 peculiarem

359 1395 463 1429 oculo
493 1407 579 1440 esse5
606 1396 749 1429 oculum
777 1402 896 1429 autem
923 1396 1069 1429 forsitan
1096 1395 1168 1429 hoc
1194 1393 1306 1428 modo
1334 1406 1543 1428 evanescere
1570 1393 1692 1438 credo,
1718 1400 1769 1439 ut,
1795 1394 1889 1428 lente
1917 1401 1951 1428 et
1978 1407 2130 1439 corpore

357 1457 470 1490 vitreo
498 1457 667 1503 sanguine
692 1457 755 1490 has
782 1464 901 1503 partes
923 1457 1034 1491 libere
1061 1458 1336 1503 praeterfluente
1363 1455 1564 1500 dissolutis,
1597 1467 1788 1489 nervorum
1816 1467 1929 1490 massa
1957 1468 1998 1490 ex
2032 1463 2131 1490 utra-

357 1529 428 1563 que
455 1524 554 1563 partc
582 1524 750 1564 augeatur
777 1518 1076 1565 pign'nentumque
1104 1519 1283 1565 reliquum
1311 1517 1513 1552 concludat.

454 1581 483 1617 §.
511 1581 569 1613 37.
624 1579 802 1627 Organon
829 1579 938 1620 illud,
973 1579 1073 1629 quod
1098 1580 1225 1615 oculus
1248 1582 1376 1615 tertius
1402 1581 1475 1614 sire
1506 1578 1665 1627 Simpleae
1694 1578 1810 1627 vulgo
1837 1580 2055 1614 nominatur.
2083 1601 2130 1608 —

356 1640 501 1673 Praeter
528 1640 652 1674 oeulos
679 1641 913 1687 compositos,
937 1640 1065 1675 adultis
1092 1641 1128 1675 in
1154 1642 1368 1676 animalibus
1396 1654 1558 1688 organon
1586 1640 1772 1688 quoddam
1802 1641 1997 1688 reperitur,
2030 1639 2131 1687 quod

355 1701 499 1735 oculum
526 1701 726 1747 simplicem
754 1714 829 1736 esse
860 1703 994 1749 putavit
1020 1703 1269 1738 Schaesfer.
1314 1703 1408 1737 Inter
1433 1702 1609 1748 margines
1637 1703 1732 1736 enim
1761 1702 1948 1736 oculorum
1977 1713 2130 1747 compo-

356 1762 507 1796 sitorum
542 1763 760 1808 posteriores
795 1764 991 1798 eminentia
1028 1763 1206 1811 quaedam
1237 1776 1344 1811 parva
1378 1764 1557 1798 inveniun-
1594 1763 1695 1804 (Tol).
1716 1764 1762 1798 ll.
1800 1764 1884 1812 Fig.
1906 1763 1952 1797 X.
1972 1762 2013 1796 P.
2043 1762 2127 1807 Fig.

356 1821 489 1858 XVII.
504 1821 563 1863 D.)
592 1824 706 1857 forma
733 1824 910 1869 rotunda,
943 1826 1102 1872 margine
1138 1832 1254 1859 acuto.
1313 1824 1526 1870 Superlicies
1559 1824 1664 1859 liuius
1697 1824 1914 1858 eminentiae
1950 1820 2070 1857 albida
2095 1827 2129 1855 et

356 1883 474 1916 nitens
502 1890 565 1928 est,
592 1883 711 1918 media
736 1893 854 1919 autem
882 1886 918 1920 in
947 1898 987 1920 ea
1016 1887 1153 1920 macula
1180 1886 1357 1933 quaedam
1383 1887 1620 1933 conspicitur,
1647 1899 1739 1933 quae
1764 1887 1865 1932 quasi
1893 1892 2048 1932 quatuor
2073 1884 2129 1918 lo-

356 1944 449 1978 hulis
472 1945 684 1990 composita,
710 1947 828 1980 stellae
853 1948 923 1981 sive
950 1949 1063 1982 crucis
1091 1949 1241 1982 formam
1263 1949 1368 1982 rcl'crt
1394 1957 1428 1983 ct
1449 1949 1647 1983 viventibus
1669 1949 1882 1982 animalibus
1904 1948 2025 1982 colore
2045 1958 2129 1980 san-

354 2005 499 2051 guinco9
527 2006 676 2039 mortuis
696 2007 903 2042 obscuriore
932 2016 965 2042 ct
981 2010 1081 2056 nigro
1110 2009 1331 2050 estfflzhdl.
1352 2010 1623 2058 l‹'1·g..x'Xl‘.a.
1649 2010 1690 2043 cs.
1705 2009 1872 2045 Schaef.
1902 2009 1964 2042 l.c.
1982 2007 2066 2041 Tab.
2081 2009 2126 2041 11.

356 2066 465 2112 Fig,1.
486 2066 551 2107 G.).
603 2067 681 2101 Non
708 2080 849 2115 semper
875 2077 992 2103 autem
1022 2077 1092 2105 tam
1121 2070 1286 2104 distincte
1314 2071 1406 2105 inter
1432 2084 1467 2105 se
1495 2070 1661 2105 disiuncti
1690 2077 1771 2104 sunt
1798 2070 1928 2114 lolmli,
1953 2076 1991 2103 ut
2018 2068 2128 2115 ligura

357 2134 478 2161 nostra
506 2139 567 2161 eos
598 2127 772 2173 ostendit³
806 2129 869 2163 sed
896 2131 1076 2165 interdum
1107 2132 1196 2165 mihi
1233 2132 1379 2179 quidem
1408 2134 1444 2167 in
1471 2145 1578 2166 unam
1618 2132 1791 2165 maculam
1822 2130 2011 2165 rotundam
2038 2143 2127 2164 con-

359 2189 469 2223 fluere
495 2189 719 2224 videbantur.
743 2209 788 2216 —
813 2192 906 2226 Haec
935 2200 986 2226 est
1008 2193 1113 2227 huius
1140 2195 1248 2239 partis
1274 2195 1409 2240 specics
1437 2201 1600 2239 externa„
1627 2195 1837 2240 quaestione
1864 2192 2065 2226 anatoniica
2090 2191 2127 2225 id

358 2250 486 2295 reperi.
538 2250 573 2284 Si
601 2257 689 2285 testa
715 2252 1026 2298 cephalothoracis
1049 2261 1192 2288 externa
1216 2255 1451 2299 abstrahitur,
1479 2255 1535 2288 ille
1563 2255 1637 2288 eius
1667 2255 1782 2299 locus,
1818 2254 1880 2300 qui
1909 2252 2126 2286 eminentiae

359 2310 559 2357 superficiei
588 2313 710 2346 insitus
738 2321 832 2358 erat,
865 2314 1063 2361 pellucidus
1098 2322 1132 2349 et
1158 2316 1223 2349 illis
1254 2323 1363 2350 testae
1398 2317 1558 2363 partibus
1584 2317 1782 2350 simillimus
1807 2316 2002 2362 reperitur,
2034 2326 2126 2361 quae

360 2373 483 2407 oculos
517 2376 739 2419 compositos
775 2377 958 2424 obtegunt.
1028 2377 1117 2410 Tum
1153 2377 1180 2410 si
1213 2379 1430 2412 eminentiae
1467 2379 1558 2412 illius
1594 2377 1819 2424 superficiem
1855 2374 2127 2421 contemplaris,

359 2435 518 2469 maculae
545 2435 623 2468 illae
651 2438 779 2471 rubrae
806 2439 1055 2485 integerrimae
1082 2437 1201 2473 adhuc
1231 2440 1512 2486 conspiciuntur.
1573 2441 1728 2486 Apparet
1754 2445 1873 2472 autem
1899 2435 2124 2483 superficiem

360 2495 530 2541 obtegens
556 2497 765 2532 membrana
793 2500 970 2546 quaedam
1000 2504 1192 2543 teneri-lma
1219 2509 1254 2535 et
1278 2502 1506 2547 mollissima,
1541 2502 1612 2536 hoc
1642 2500 1752 2535 modo
1789 2505 1991 2534 constructa
2031 2496 2125 2543 (Flg.

358 2556 560 2599 XXlsw.)
611 2557 727 2592 Media
755 2560 829 2594 eius
855 2574 936 2608 pars
962 2563 1111 2597 omnino
1140 2569 1191 2597 est
1216 2562 1411 2610 pellucida‚
1446 2575 1567 2609 margo
1596 2569 1713 2596 autem
1744 2563 1831 2596 latus
1858 2561 1978 2595 colore
2002 2558 2124 2592 albido
