2419 2972
1031 317 1271 352 —63—

279 413 387 460 gnita,
416 413 489 447 lieri
521 426 593 447 non
621 419 748 460 potest.
778 431 820 436 —
850 412 1039 459 Savignj
1058 413 1085 453 ⁷³*·)
1113 412 1274 459 Apodem
1309 414 1467 461 labrum,
1506 428 1615 449 unum
1654 415 1942 450 mandibularum
1978 429 2042 463 par

281 482 315 509 et
342 474 413 509 duo
439 476 658 510 maxillarum
686 475 783 522 paria
806 474 939 508 habere
968 474 1075 519 (licit,
1114 475 1260 521 illasque
1286 482 1421 521 partes,
1454 490 1541 522 quas
1580 478 1734 512 maxillas
1760 478 1898 524 priores
1922 480 2041 512 nomi—

282 537 372 582 navi,
398 537 553 584 linguam
582 537 799 583 bipartitam,
827 536 883 570 illa
910 543 1027 570 autem
1056 548 1207 583 organa7
1238 549 1329 583 quae
1354 538 1497 572 tertium
1524 539 1658 585 pedum
1681 539 1947 573 thoracicorum
1982 553 2043 586 par

1505 599 1571 639 Μ),
1608 600 1668 645 qui
1698 600 1866 634 omnibus
1892 601 1927 635 in
1956 600 2042 635 Cru-

279 610 352 632 esse
377 605 485 645 puto,
514 599 667 633 maxillas
691 597 906 644 posteriores
933 610 1007 631 esse
1034 598 1219 631 existimat.
1272 598 1483 632 Erichson

278 660 403 693 staceis
429 666 499 693 tres
527 659 634 706 pedes
659 658 880 703 thoracicos‚
908 660 969 705 qui
997 659 1149 706 pedibus
1176 660 1394 695 lnsectorum
1421 661 1684 707 respondeant,
1712 662 1858 695 inveniri
1887 662 2042 697 demon-

280 721 421 765 stravit,
457 721 527 754 oris
554 718 701 766 quidem
728 725 846 765 partes
873 718 1001 753 codem
1030 719 1140 753 modo
1166 735 1239 768 quo
1266 723 1456 770 Savigny
1482 724 1653 769 explicat7
1682 725 1817 770 primus
1842 731 1958 758 autem
1987 738 2044 759 eas

280 788 420 827 partes,
448 793 539 828 quae
566 793 584 814 a
607 781 851 827 superioribus
879 781 1112 827 scriptoribus
1138 788 1315 817 antennae
1338 783 1544 817 nominatae
1570 791 1675 829 snut,
1708 784 1909 818 rudimenta
1937 786 2043 831 primi

279 841 411 888 pedum
438 841 702 875 thoracicorum
730 841 824 888 paris
851 853 925 875 esse
952 843 1130 888 cognorit=
1155 843 1364 890 putavitque
1391 843 1516 877 ceteris
1543 842 1694 889 pedibus
1710 844 1899 879 thoracicis
1926 846 2041 892 prima

279 903 377 948 paria
403 901 534 948 pedum
563 902 822 936 branchialium
851 903 1081 950 respondere,
1109 904 1155 938 ita
1181 911 1220 938 ut
1242 905 1400 939 anterior
1426 918 1506 952 pars
1533 906 1714 952 corporis,
1745 907 1798 940 cui
1828 907 1898 940 oris
1925 914 2040 953 partes

279 964 402 997 insitae
429 964 510 1009 sint,
538 977 556 997 e
584 964 699 1010 capite
727 971 761 998 ct
786 965 1003 1011 prothoracc
1031 967 1206 999 concretis
1232 967 1432 1013 composita
1459 967 1515 1011 sit,
1542 966 1613 1000 duo
1642 973 1760 1000 autem
1788 969 1892 1013 primi
1921 969 2040 1002 annuli

278 1025 484 1071 posterioris
519 1033 553 1059 et
589 1027 777 1060 annulatae
813 1027 975 1074 corporis
1015 1027 1124 1073 partis
1158 1028 1444 1062 mesothoracem
1489 1035 1523 1062 et
1561 1028 1842 1063 metathoracem
1878 1030 2041 1063 reserant.

278 1087 370 1122 Haec
398 1088 522 1135 opinio
550 1088 697 1122 historia
725 1089 937 1123 evolutionis
964 1089 1159 1135 refellitur,
1196 1102 1308 1136 quum
1343 1090 1511 1124 iuvenilia
1537 1091 1702 1124 animalia
1729 1090 1871 1125 duobus
1897 1092 2042 1138 paribus

278 1149 410 1195 pedum
438 1150 594 1184 thoracis
621 1151 791 1185 instructa
817 1163 891 1185 esse
918 1158 1067 1186 constet.
1130 1150 1322 1195 Quaeritur
1355 1152 1480 1199 igitur,
1510 1164 1602 1199 quae
1628 1159 1745 1199 partes
1770 1153 1877 1187 tertio
1906 1153 2039 1199 pedum

276 1211 542 1245 thoracicorum
572 1212 646 1258 pari
672 1211 924 1258 respondeant.
975 1213 1064 1246 Huic
1091 1226 1166 1247 non
1190 1213 1408 1260 respondere
1435 1214 1591 1260 primum
1619 1213 1754 1260 pedum
1781 1215 2040 1249 branchialium

278 1284 341 1318 par
369 1285 408 1306 ex
437 1286 478 1306 eo
507 1273 651 1320 intelligi
678 1280 808 1320 potest„
835 1273 935 1320 quod
963 1274 999 1307 hi
1026 1274 1136 1321 pedes
1161 1274 1290 1309 eodem
1318 1274 1429 1309 modo
1457 1282 1491 1309 et
1515 1275 1642 1309 eodem
1674 1283 1854 1322 tempore,
1882 1289 1954 1322 quo
1983 1289 2041 1310 ce-

278 1334 342 1367 teri
371 1333 480 1380 pedes
508 1334 755 1368 abdominales
782 1335 988 1369 evolventur
1021 1343 1055 1370 ct
1082 1337 1215 1370 ultimis
1248 1336 1393 1370 demum
1422 1337 1634 1371 evolutionis
1660 1337 1819 1383 periodis
1847 1337 1941 1371 illam
1968 1337 2041 1371 for-

280 1407 373 1429 mam
390 1422 400 1440 ,
434 1408 504 1442 qua
533 1396 658 1430 ceteris
684 1402 864 1442 praestant
881 1423 891 1441 9
926 1397 1117 1444 accipiunt.
1180 1398 1302 1445 Itaque
1329 1398 1417 1432 mihi
1452 1398 1600 1445 quidem
1635 1399 1712 1432 illac
1740 1405 1857 1445 partes
1884 1398 1986 1439 (Tab.
2014 1400 2041 1434 J.

279 1456 359 1503 Fig.
376 1455 425 1491 V.
440 1456 516 1502 E),
543 1469 631 1504 quas
657 1457 812 1505 linguam
841 1458 1032 1492 nominant
1057 1459 1252 1508 Savigny
1283 1466 1317 1493 et
1343 1460 1580 1505 Erichson,
1614 1460 1774 1494 maxillae
1805 1460 1944 1506 priores
1968 1473 2041 1495 csse

279 1517 456 1563 videntur,
484 1531 596 1565 quum
624 1519 738 1554 forma
765 1526 800 1553 et
822 1519 1017 1554 insertione
1045 1522 1195 1555 omnino
1225 1536 1305 1557 cum
1335 1524 1499 1569 proximo
1527 1524 1745 1558 maxillarum
1773 1523 1850 1569 pari
1868 1522 1968 1563 (ibid.
1989 1524 2039 1562 F.)

278 1586 475 1626 congruant
501 1592 566 1614 nec
592 1580 636 1614 ab
660 1580 715 1614 his
743 1581 808 1614 nisi
837 1594 902 1626 eo,
938 1582 1039 1628 quod
1067 1583 1222 1618 minores
1249 1597 1314 1618 nec
1339 1584 1506 1618 dentibus
1534 1585 1724 1618 instructae
1750 1584 1839 1629 sint,
1863 1583 2038 1618 differant.

279 1640 336 1673 llla
363 1647 480 1674 autem
509 1653 639 1688 organa
666 1641 765 1681 (ibid.
796 1642 879 1686 G.)‚
920 1656 1011 1690 quae
1036 1645 1191 1679 maxillas
1218 1648 1434 1693 posteriores
1462 1659 1534 1680 esse
1563 1647 1697 1693 putavit
1720 1646 1932 1693 Savigny,
1970 1653 2040 1680 ter-

275 1701 364 1735 tium
399 1714 463 1747 par
489 1702 622 1749 pedum
660 1703 924 1737 thoraeicorum
960 1717 1033 1738 esse
1067 1706 1187 1742 credo.
1253 1708 1338 1742 Nam
1376 1721 1595 1754 quamquam
1633 1715 1781 1754 propter
1806 1708 1932 1741 harum
1959 1721 2042 1754 par-

275 1762 364 1796 tium
403 1764 611 1810 parvitatem
650 1765 902 1811 occultumque
939 1766 1043 1800 situm
1078 1768 1283 1803 iuvenilium
1329 1770 1535 1804 animalium
1580 1771 1613 1803 in
1652 1770 1692 1803 iis
1730 1769 1904 1814 demum,
1948 1782 2040 1816 quae

276 1824 345 1857 iam
374 1825 621 1870 perfectiorem
648 1826 852 1860 habuerunt
879 1828 1039 1873 corporis
1066 1828 1235 1876 sormam9
1266 1838 1379 1865 totam
1414 1844 1533 1864 carum
1572 1831 1721 1864 sormam
1756 1831 1944 1864 observare
1973 1844 2039 1876 po-

277 1886 326 1919 Uli
361 1885 463 1925 (Ttlb-
485 1886 556 1922 IV.
590 1888 671 1935 Fig.
697 1888 880 1933 XXII),
914 1895 1034 1923 tamen
1062 1890 1140 1925 illae
1168 1899 1284 1938 partes
1312 1894 1431 1940 ipsae,
1466 1905 1557 1939 quae
1593 1892 1795 1926 adultorum
1832 1892 2036 1926 animalium

275 1954 357 1981 sunt
385 1947 523 1988 (TalnI.
551 1949 634 1996 Fig.
654 1948 733 1985 Vl.)
763 1956 797 1982 et
820 1950 933 1983 forma
971 1957 1005 1984 et
1031 1953 1152 1987 colore
1179 1961 1213 1988 et
1239 1955 1434 1988 insertione
1461 1968 1480 1988 a
1509 1955 1655 1988 maxillis
1683 1954 1851 1988 differunt
1878 1961 1911 1987 et
1938 1954 2037 2000 quasi

277 2007 521 2043 demonstrare
547 2010 737 2054 videntur,
776 2023 812 2045 se
839 2011 1042 2046 rudimenta
1077 2021 1212 2049 tantum
1240 2016 1394 2062 partium
1423 2016 1646 2062 quarumlam
1680 2028 1764 2049 esse.
1817 2017 1862 2049 Ex
1897 2015 2037 2048 duobus

278 2070 373 2103 enim
400 2078 565 2105 constant
590 2072 739 2113 lobuliS‚
773 2085 927 2119 quorum
957 2074 1106 2109 interior
1130 2076 1277 2122 quidem
1302 2077 1437 2110 ciliatus
1463 2077 1559 2110 coxis
1587 2076 1718 2123 pedum
1753 2076 2035 2110 abdominalium

275 2131 397 2165 similis
424 2139 497 2178 est,
533 2133 686 2167 exterior
712 2140 829 2168 autem
856 2148 930 2168 non
957 2141 1045 2169 testa
1077 2149 1227 2181 cornea,
1264 2137 1348 2182 sed,
1382 2144 1417 2171 ut
1447 2137 1647 2172 rudimenta
1675 2145 1873 2171 ceterorum
1902 2137 2034 2183 pedum

276 2192 553 2240 thmacicorum,
580 2196 790 2230 membrana
816 2197 916 2231 tenui
944 2198 1086 2231 vestitus
1112 2198 1232 2232 colore
1260 2198 1379 2232 albido
1409 2205 1484 2243 est,
1520 2198 1630 2232 modo
1659 2199 1740 2231 setis
1767 2199 1904 2244 aliquot
1931 2212 2036 2234 coro-

278 2260 391 2298 natus,
417 2255 526 2290 modo
556 2256 597 2290 iis
623 2257 789 2303 privatus.
844 2258 990 2292 Duobus
1019 2259 1133 2305 parvis
1165 2265 1199 2293 et
1225 2258 1403 2294 debilibus
1431 2261 1597 2294 musculis
1635 2261 1777 2306 corpori
1806 2260 1928 2295 affixae
1955 2269 2037 2296 sunt

276 2321 310 2348 et
342 2322 414 2349 tam
442 2316 672 2351 absconditae
704 2318 796 2351 inter
830 2319 985 2353 maxillas
1021 2326 1054 2352 et
1081 2319 1190 2366 pedes
1217 2320 1482 2367 abdominales,
1513 2329 1551 2356 ut
1579 2334 1621 2355 ne
1646 2321 1689 2355 ad
1726 2322 1851 2355 fossam
1888 2323 2033 2369 quidem

276 2376 553 2422 alimentariam,
588 2380 682 2413 coxis
716 2379 849 2426 pedum
884 2382 1146 2427 compositam,
1183 2383 1395 2428 pertineant.
1464 2383 1626 2417 Ceterum
1663 2395 1852 2417 nervorum
1888 2396 2034 2430 quoque

336 2517 370 2551 ὕ)
393 2516 409 2545 l.
434 2526 459 2545 r.
482 2526 508 2555 p.
535 2517 583 2547 63.
608 2518 748 2548 Tab.V11.

317 2571 372 2605 ss)
395 2570 693 2610 Entomographieen.
718 2572 981 2614 Untersuchungen
1003 2576 1031 2605 in
1055 2576 1120 2606 dem
1145 2577 1266 2607 Gebiete
1291 2578 1343 2607 drr
1363 2578 1579 2617 Entoniologie.
1604 2577 1678 2607 Berl.
1701 2578 1728 2606 P.
1743 2578 1762 2607 Ι.
1789 2579 1874 2609 1840.
1896 2589 1922 2618 p.
1941 2581 1987 2609 92.
