2419 2972
369 407 478 442 dibus
506 414 540 441 et
566 405 847 452 Stomapodt'bus
874 406 1027 439 maxime
1054 413 1106 440 est
1131 406 1276 451 similis,
1310 407 1346 441 in
1375 407 1507 453 quibus
1534 407 1601 440 hae
1628 413 1745 453 partes
1773 408 1909 454 optime
1937 414 1971 442 et
1998 419 2143 442 accura-

369 470 503 502 tissime
529 468 728 514 descriptae
762 474 843 501 sunt
875 467 919 500 ab
954 467 1002 501 lll.
1031 467 1198 502 Brandt
1221 467 1263 507 ²¹³).
1326 468 1567 503 Nihilominus
1606 469 1643 503 in
1676 468 1803 516 Apode
1838 481 1956 516 neque
1991 476 2143 515 systema

367 543 559 564 nervorum
588 528 946 576 reproductoriorum
982 542 1001 564 a
1037 537 1240 564 ceterorum
1277 541 1469 564 nervorum
1503 536 1712 577 systemate,
1748 542 1867 577 neque
1898 530 2040 565 illorum
2068 530 2141 565 duo

368 591 505 625 diversa
532 598 721 637 systemata
749 591 844 637 ipsa,
869 597 1020 638 systema
1050 591 1147 625 nervi
1176 591 1322 638 imparis
1349 597 1386 625 et
1408 591 1516 637 paris,
1542 598 1613 625 tam
1642 591 1747 638 plane
1775 591 2014 638 distincteque
2040 599 2079 626 ut
2106 593 2142 626 in

368 652 621 699 Decapodibus
649 653 741 686 inter
766 664 802 685 se
829 651 1006 686 disiuncta
1030 664 1104 686 esse
1130 652 1308 687 videntur.
1370 653 1458 687 Nam
1485 653 1641 699 primum
1672 666 1746 687 non
1773 653 1888 687 solum
1915 653 2052 699 ganglia
2080 666 2143 687 oc—

365 714 545 761 sophagea
573 714 769 761 superiora,
795 713 858 748 sed
885 714 991 748 etiam
1019 714 1108 748 aliae
1137 721 1255 760 partes
1284 726 1498 759 nervorum,
1524 720 1564 747 ut
1588 715 1756 761 ganglion
1783 714 2005 748 thoracicun]
2034 715 2143 760 prius,

365 788 484 809 ramos
514 775 557 809 ad
586 775 764 809 musculos
790 776 986 823 oesophagi
1014 782 1049 810 et
1081 775 1126 810 ad
1153 776 1340 810 ventriculi
1368 787 1555 823 processus
1592 775 1821 822 glandulosos
1845 776 2034 821 emittunt,
2066 782 2141 810 tum

366 850 493 871 nervus
523 836 815 883 reproductorius
843 838 970 884 impar,
998 838 1060 884 qui
1089 839 1125 872 in
1140 837 1394 884 Decapodibus
1420 838 1498 884 ipso
1527 850 1546 871 e
1572 837 1721 871 cerebro
1750 838 1862 871 oritur
1890 844 1925 871 et
1951 850 2031 871 cum
2061 850 2143 871 ner—

363 902 414 933 vis
440 900 587 945 paribus
615 900 826 933 coniunctus
853 899 890 932 in
916 900 1113 934 ventriculo
1140 900 1280 946 ganglia
1304 900 1456 946 imparia
1483 900 1692 946 componit,
1720 900 1755 933 in
1782 899 1908 946 Apode
1934 912 2015 934 cum
2043 913 2143 934 ccre-

362 962 429 995 bro
458 962 534 1008 ipso
565 973 635 994 non
669 961 857 1005 cohaeret,
888 960 951 994 sed
986 974 1004 995 e
1030 962 1171 1008 ganglio
1198 962 1428 1008 ocsophageo
1467 962 1596 1008 impari
1631 962 1762 1006 oritur,
1800 961 1901 1008 quod
1938 963 2140 997 coniunctis

362 1023 480 1057 nervis
506 1021 789 1068 reproductoriis
816 1023 961 1068 paribus
988 1023 1232 1069 componitur.
1287 1023 1448 1069 Systema
1483 1023 1589 1070 igitur
1617 1035 1809 1057 nervorum
1845 1023 2142 1069 reproductorio-

362 1097 442 1118 rum
471 1085 587 1130 impar
614 1084 649 1117 in
677 1083 803 1129 Apodc
831 1096 911 1129 pars
938 1084 1049 1117 modo
1074 1091 1125 1118 cst
1151 1085 1349 1131 systematis
1375 1085 1482 1131 paris.
1519 1103 1562 1108 —-
1601 1084 1736 1118 Omnes
1763 1090 1882 1118 autem
1916 1084 1983 1118 hos
2015 1098 2142 1120 nervos

362 1160 437 1180 non
465 1145 511 1180 ad
536 1146 725 1192 proprium
752 1146 986 1180 mun-iculum
1015 1146 1078 1180 sed
1110 1147 1226 1181 solum
1261 1146 1306 1181 ad
1335 1147 1582 1194 oesophagum
1618 1146 1819 1193 pertinere,
1855 1146 1925 1179 iam
1953 1158 2060 1192 supra
2084 1146 2141 1181 di-

362 1216 458 1242 ctum
488 1215 556 1253 est,
593 1220 686 1253 quae
713 1208 914 1254 proprietas
937 1215 1113 1243 structura
1146 1208 1334 1243 ventriculi
1362 1208 1640 1242 membranacea
1667 1215 1702 1242 et
1729 1207 1924 1254 oesophagi
1951 1208 2141 1242 mnsculari

361 1269 570 1316 explicanda
598 1276 659 1302 est.

459 1330 569 1375 Quod
594 1330 639 1364 ad
667 1337 804 1364 ceteros
832 1343 958 1364 nervos
985 1331 1124 1375 attinet,
1147 1331 1304 1377 primum
1333 1330 1370 1365 id
1386 1333 1621 1367 memorabile
1649 1345 1723 1367 esse
1742 1331 1895 1378 videtur,
1923 1331 2024 1378 quod
2045 1333 2141 1366 nervi

360 1393 406 1428 ad
433 1393 612 1427 musculos
639 1392 845 1426 abdominis
871 1393 1092 1439 pertinentes
1119 1405 1137 1426 e
1169 1392 1307 1426 duabus
1334 1393 1514 1428 radicibus
1541 1395 1717 1440 oriuntur,
1744 1407 1896 1441 quarum
1922 1394 2038 1428 maior
2065 1407 2140 1428 non

362 1468 380 1489 c
405 1456 546 1503 ganglio
575 1457 667 1502 ipso,
693 1455 756 1489 sed
781 1468 798 1488 e
827 1467 936 1489 nervo
964 1455 1049 1489 bina
1075 1455 1212 1502 ganglia
1240 1454 1400 1490 eiusdem
1429 1457 1547 1491 lateris
1574 1458 1814 1504 coniungente
1837 1457 2015 1503 provenit.
2065 1457 2141 1491 Hoc

362 1530 443 1551 cum
471 1529 511 1551 ca
538 1516 810 1561 observatione,
846 1529 955 1563 quam
990 1517 1026 1550 in
1060 1516 1195 1552 Olzisco
1227 1519 1389 1552 martirio
1422 1517 1504 1552 fecit
1539 1517 1725 1563 Brandt,
1757 1518 1950 1551 convenire
1985 1516 2140 1562 videtur,

360 1591 444 1612 nam
472 1579 542 1613 hoc
579 1591 729 1625 quoque
765 1579 801 1612 in
838 1579 982 1612 animali
1014 1579 1112 1612 nervi
1147 1578 1193 1612 ad
1227 1579 1389 1626 corporis
1420 1587 1559 1626 partem
1592 1580 1815 1627 superiorem
1843 1579 2084 1625 pertinentes,
2122 1591 2140 1613 e

360 1643 478 1675 nervis
505 1643 589 1676 bina
615 1642 752 1688 ganglia
777 1641 1092 1687 coniungentilnis,
1117 1641 1215 1674 ncrvi
1243 1647 1362 1674 autem
1390 1640 1435 1675 ad
1462 1641 1625 1687 corporis
1651 1647 1788 1688 partem
1817 1639 2023 1674 inferiorem
2053 1652 2137 1687 per-

357 1704 514 1737 tinentes
542 1716 560 1736 e
586 1702 733 1750 gangliis
762 1703 846 1749 ipsis
875 1703 960 1736 oriri
988 1702 1214 1736 videbantur.

457 1766 606 1799 Prorsus
625 1764 759 1811 Apodis
788 1765 955 1811 proprius
982 1777 1056 1798 esse
1083 1764 1225 1799 videtur
1253 1763 1309 1798 ille
1335 1776 1480 1809 nervus,
1508 1764 1571 1810 qui
1599 1776 1617 1797 e
1641 1763 1780 1811 ganglio
1809 1764 1979 1797 vicesimo
2008 1769 2136 1809 quarto

357 1834 416 1861 aut
445 1827 573 1873 quinto
603 1827 728 1871 oritur,
756 1833 786 1859 ct
817 1826 861 1860 ad
889 1826 1061 1860 annulum
1090 1827 1252 1872 eorporis
1280 1832 1478 1859 extremum
1504 1838 1737 1873 progressus,
1764 1825 1956 1872 praecipue
1983 1823 2028 1858 ad
2054 1835 2137 1870 par—

355 1897 409 1924 tes
433 1889 603 1937 genitales
630 1889 759 1933 viriles,
788 1901 877 1934 vasa,
906 1896 940 1922 et
967 1888 1012 1922 ad
1039 1889 1097 1922 ani
1127 1888 1306 1921 musculos
1332 1888 1512 1934 pertinere
1537 1887 1688 1921 videtur.
1717 1888 1780 1922 Hic
1807 1899 1934 1921 nervus
1960 1886 2036 1920 vice
2055 1886 2137 1932 qui-

356 1950 440 1984 dem
469 1962 594 1983 eorum
622 1961 812 1982 nervorum
840 1949 936 1995 fungi
970 1949 1131 1994 videtur,
1167 1949 1229 1996 qni
1266 1950 1341 1984 aliis
1369 1950 1405 1984 in
1433 1949 1628 1984 Crustaceis
1656 1957 1690 1983 et
1717 1951 1754 1984 in
1782 1950 1924 1983 Insectis
1948 1961 1966 1982 e
1993 1948 2134 1995 ganglio

356 2012 459 2046 seriei
487 2011 652 2044 ventralis
680 2018 838 2044 extremo
869 2011 1033 2045 radiatim
1059 2012 1288 2056 emittuntur,
1320 2011 1356 2044 in
1383 2010 1508 2058 Apode
1546 2017 1664 2044 autem
1700 2023 1775 2044 non
1807 2010 2051 2056 reperiuntur,
2081 2016 2135 2043 ta-

355 2085 440 2107 men
467 2079 502 2106 et
528 2079 702 2106 structura
732 2079 762 2105 et
790 2073 930 2119 ganglio
959 2085 978 2106 a
1007 2085 1042 2106 se
1071 2073 1274 2119 composito
1303 2074 1385 2107 satis
1412 2074 1456 2107 ab
1484 2073 1539 2106 his
1566 2072 1696 2106 differt.

455 2135 620 2181 Denique
650 2146 722 2167 non
751 2135 866 2167 solum
896 2135 993 2168 nervi
1021 2134 1066 2168 ad
1084 2135 1257 2168 annulum
1283 2135 1446 2181 corporis
1470 2142 1666 2169 extremum
1686 2135 1918 2181 pertinentes,
1943 2133 2132 2167 sedetiam

355 2198 453 2230 nervi
483 2197 724 2230 musculorum
749 2196 1034 2230 abdominalium
1061 2209 1104 2229 eo
1119 2203 1311 2242 praestant,
1339 2194 1440 2242 quod
1457 2195 1570 2229 forma
1594 2196 1700 2242 plana
1727 2207 1766 2229 ac
1782 2194 1946 2241 depressa
1963 2200 1997 2227 ct
2019 2205 2134 2240 prope

357 2263 475 2290 ortum
503 2270 607 2303 saepe
635 2263 715 2291 sunt
743 2257 924 2290 tenuiores
951 2268 991 2290 ac
1018 2256 1129 2302 magis
1154 2257 1338 2303 pellucidi,
1366 2270 1474 2304 quam
1503 2257 1589 2292 locis
1615 2258 1659 2292 ab
1685 2258 1822 2304 origine
1838 2256 1948 2302 magis
1972 2256 2131 2290 remotis.

416 2435 451 2471 ὕ)
474 2433 699 2472 fimum-tuingen
722 2434 795 2464 [ther
819 2433 866 2464 die
878 2434 1097 2473 Mundmagcn-
1111 2433 1169 2464 und
1184 2435 1492 2475 Eingewcidencrvcn
1508 2435 1561 2466 der
1576 2434 1801 2465 Evericbratcn.
1817 2434 1914 2474 Leipz.
1936 2435 2022 2465 1855.
2038 2442 2064 2472 p.
2084 2434 2128 2462 12.
