2419 2972
994 491 1407 533 THESES.

310 690 335 722 1.
383 689 507 721 'I'heses
527 689 566 720 de
588 688 753 727 sanyuinis
776 684 1029 717 Crustaceorum
1051 685 1193 716 circuitu
1213 694 1257 715 ex
1279 684 1514 716 dissertatione
1536 685 1742 724 desumptae.-

395 752 423 779 1.
447 746 601 778 Omnibus
621 747 653 776 in
675 743 870 775 Crustaceis
894 753 954 775 cor
977 745 1160 783 sanquinem
1188 753 1248 784 per
1270 745 1371 774 rimas
1393 741 1513 773 imbibit
1537 753 1554 772 e
1577 745 1742 782 sanyuireis
1769 742 1979 783 receptaculo
2002 752 2075 784 quo-

442 789 514 820 dam
537 787 587 818 vel
609 797 627 817 e
646 788 788 817 cavitate
810 785 945 827 quadam
967 787 1127 826 corporis,
1149 795 1229 827 quae
1252 787 1337 816 atrio
1359 784 1543 815 animalium
1565 786 1768 823 superiorum
1799 785 2001 824 respondent.

393 851 424 879 2.
453 844 604 878 Omnibus
625 847 658 875 in
681 843 874 876 Crustaceis
897 845 1029 884 sanyuis
1052 853 1189 875 venosus
1220 845 1309 874 rasis
1332 842 1554 884 peculiaribus
1578 846 1671 873 caret
1699 846 1730 874 et
1753 843 1854 874 libere
1876 853 1935 883 per
1960 853 2075 884 corpo-

442 890 490 919 ris
514 889 676 918 cavitates
699 889 816 917 manat.

390 951 419 978 3.
445 945 484 977 1η
508 944 702 976 Crustaceis
725 942 953 983 superioribus
976 945 1110 983 sanquis
1141 945 1324 974 arteriasus
1351 945 1441 974 vasis
1473 946 1570 973 totam
1599 943 1632 972 in
1662 951 1782 982 corpus
1815 942 2020 974 distribuitur
2044 947 2076 975 et

439 991 580 1028 systema
618 988 812 1017 arteriosum
844 995 864 1015 a
894 994 1010 1015 venoso
1036 994 1174 1025 prorsus
1203 985 1396 1016 disiunctum
1431 988 1491 1015 est.
1558 983 1680 1015 Contra
1703 983 1886 1015 Crustacea
1915 984 2076 1024 inferiora

440 1032 564 1060 omnino
588 1030 677 1059 vasis
701 1026 923 1068 peculiaribus
940 1026 1140 1067 sanyuiferis
1163 1030 1278 1057 carent
1301 1030 1332 1057 et
1355 1027 1417 1057 duo
1435 1029 1620 1066 systemata.
1645 1028 1840 1057 arteriosum
1861 1030 1892 1057 et
1917 1036 2074 1065 renosum,

440 1073 525 1102 inter
548 1080 585 1101 se
602 1079 662 1101 non
675 1070 771 1109 plane
790 1069 954 1100 disiuncta
976 1072 1060 1107 sunt,
1082 1068 1141 1099 sed
1154 1070 1215 1099 rivi
1230 1070 1395 1109 sanguinis
1410 1070 1566 1098 arteriosi
1590 1069 1682 1108 ipsos
1697 1070 1730 1099 in
1745 1077 1882 1099 venosos
1898 1071 2074 1100 transeant.

390 1133 421 1162 4.
449 1129 506 1161 Ubi
529 1138 608 1160 vasa
629 1128 814 1169 peculiaria
835 1126 1025 1168 sanyuisera
1049 1127 1295 1162 desiderantur,
1325 1126 1369 1157 ibi
1396 1127 1562 1166 sanqualis
1592 1124 1695 1165 fluxio
1725 1125 1947 1166 peculiaribus
1971 1129 2075 1167 parti-

444 1171 502 1203 bus
525 1171 610 1209 (sive
631 1170 797 1207 musculis,
820 1171 889 1200 sive
912 1168 1104 1200 membranis
1126 1167 1386 1207 muscularzbus,
1411 1169 1480 1198 sive
1501 1167 1630 1198 laminis
1655 1168 1802 1207 corneis)
1823 1171 2003 1199 sustentari
2025 1172 2074 1199 at-

443 1224 502 1255 que
527 1212 711 1243 accelerari
733 1211 867 1243 videtur.

394 1276 423 1303 5.
448 1270 485 1302 In
507 1269 700 1302 Grastaceis
721 1268 946 1310 superioribus
969 1278 1028 1300 cor
1050 1268 1170 1300 nullum
1190 1270 1373 1309 sanquinem
1404 1271 1468 1300 nisi
1491 1270 1687 1300 arteriasum
1710 1278 1727 1298 e
1748 1267 1913 1299 branchiis
1935 1270 2073 1309 est-cipit,

442 1315 475 1344 in
496 1310 709 1351 inferioribus
731 1314 846 1342 contra
868 1320 949 1352 pars
970 1311 1062 1342 modo
1084 1313 1251 1351 sanguinis
1272 1313 1384 1352 quovis
1406 1313 1439 1342 in
1462 1313 1605 1342 circuitu
1625 1312 1779 1350 respirat.

393 1376 424 1403 6.
448 1370 485 1403 In
507 1369 699 1402 Crustaceis
721 1368 934 1409 inferioribus
947 1372 1081 1410 praeter
1101 1378 1160 1400 cor
1177 1378 1335 1408 venusam,
1356 1368 1494 1400 alterum
1516 1378 1575 1399 cor
1596 1370 1791 1399 arteriasum
1806 1370 1875 1398 sive
1894 1367 1979 1399 alter
1999 1377 2072 1399 cor-

437 1413 489 1444 dis
513 1411 715 1444 ventriculus
737 1414 921 1443 arteriosus
944 1413 1116 1452 reperitur.

304 1472 348 1505 11.
423 1470 473 1504 Ad
496 1471 696 1512 emplicanda
718 1471 936 1512 phaenomena
958 1469 1179 1511 physioloyica
1201 1469 1290 1500 nulla
1313 1470 1419 1505 ratio,
1462 1478 1543 1510 quae
1564 1470 1596 1499 in
1619 1467 1755 1508 physica
1782 1467 1856 1499 sola
1878 1468 1929 1499 vel
1950 1467 2073 1499 chemia

426 1515 548 1551 nititur,
570 1512 706 1553 sufficit,
727 1513 786 1544 sed
810 1522 980 1553 corporum
1002 1514 1226 1552 organicorum
1252 1513 1302 1542 vis
1323 1510 1436 1542 vitalis
1457 1519 1586 1551 semper
1607 1510 1814 1550 respicienda
1837 1513 1896 1541 est.

306 1572 370 1605 111.
426 1572 628 1605 Insectorum
648 1575 806 1603 antennae
828 1571 958 1602 auditus
979 1579 1099 1611 oryana
1121 1573 1204 1600 sunt.

306 1632 324 1664 1
330 1631 362 1664 V.
426 1631 526 1664 Iridis
547 1635 651 1662 motus
673 1629 767 1670 fibris
789 1629 1029 1661 muscularibus
1051 1627 1246 1668 efficiuntur.

310 1688 343 1721 V.
425 1688 600 1730 Reptilium
622 1688 818 1730 quorundam
842 1689 961 1725 vesica,
984 1696 1064 1728 quae
1086 1687 1206 1718 dicitur
1228 1687 1384 1723 urinaria,
1408 1688 1519 1716 urinae
1545 1684 1785 1726 receptaculum
1809 1694 1869 1716 non
1890 1688 1950 1716 est.

309 1746 355 1779 VI
426 1746 556 1788 Pyritae
578 1756 719 1787 corpora
743 1749 818 1777 sunt
842 1747 995 1785 oryanica
1020 1744 1116 1776 silice
1137 1744 1335 1785 petrefacta.

308 1804 380 1838 VII.
426 1805 583 1843 Plantae,
618 1804 732 1846 quibus
755 1804 914 1836 carbones
936 1803 1145 1834 bituminosos
1168 1805 1365 1843 compositos
1387 1812 1461 1834 esse
1483 1805 1612 1833 constat
1626 1827 1634 1838 .
1657 1804 1700 1833 iis
1721 1803 1806 1842 ipsis
1829 1801 1912 1832 locis
1926 1826 1934 1840 ,
1956 1799 2069 1842 quibus

430 1848 478 1878 illi
502 1857 585 1879 nunc
608 1849 820 1887 reperiuntur,
843 1848 1014 1877 creverunt
1034 1855 1134 1887 neque
1155 1845 1284 1876 aliunde
1305 1844 1455 1885 fluctibus
1478 1844 1619 1875 collatae
1639 1847 1723 1875 sunt.

309 1904 398 1938 VIII.
424 1904 505 1941 Pili,
536 1904 650 1946 quibus
673 1915 733 1936 non
757 1904 874 1945 procul
894 1903 934 1935 ab
958 1905 1053 1944 apice
1076 1903 1222 1934 radicum
1240 1902 1383 1943 fibrillae
1407 1902 1530 1934 obsitae
1552 1905 1627 1933 sunt
1641 1927 1648 1941 ,
1679 1911 1740 1933 non
1763 1903 1910 1932 suctoria
1933 1901 1992 1932 sed
2015 1909 2066 1931 se-

425 1949 569 1978 cretoria
591 1956 712 1987 oryana
736 1950 819 1977 sunt.

306 2004 370 2036 IX.
424 2004 625 2043 Carbonium,
648 2005 730 2047 quod
753 2006 918 2045 reperitur
939 2005 972 2035 in
992 2003 1136 2044 plantis,
1159 2004 1193 2034 in
1214 2004 1258 2034 iis
1280 2003 1365 2042 ipsis
1388 2001 1471 2032 solis
1493 2000 1566 2032 luce
1591 2001 1761 2032 adiuvante
1782 2004 1986 2041 procreatur.

306 2061 349 2093 Χ.
423 2062 542 2094 Eorum
569 2064 677 2103 opinio
699 2064 839 2094 maxime
859 2061 1026 2103 probanda
1049 2064 1122 2100 est,
1157 2062 1211 2102 qui
1234 2059 1303 2092 Am
1311 2062 1421 2101 pere
1444 2063 1615 2101 sequentes
1639 2062 1812 2100 maynetem
1840 2058 1965 2098 ferrum
1992 2068 2065 2090 esse

427 2120 536 2152 dicunt
559 2122 639 2153 rivis
663 2120 832 2153 electricis
855 2123 924 2153 sive
942 2120 1124 2162 yalvanicis
1147 2118 1387 2150 circumdatum.
