2419 2972
1050 312 1288 348 ..ffl—

290 412 465 460 quaedam
492 412 618 457 impar,
642 407 808 451 rotunda,
835 408 993 454 margine
1021 407 1139 442 adhuc
1164 408 1316 443 obscuro
1344 415 1450 454 atque
1479 408 1607 442 obtuso
1637 409 1764 452 cincta,
1793 406 1829 441 in
1855 412 1941 440 testa
1968 412 2049 452 post

290 472 411 507 oculos
435 471 560 504 existit.
614 470 655 504 Et
680 470 724 503 ab
752 468 853 502 initio
882 468 971 501 haec
1005 468 1219 514 eminentia,
1247 469 1491 515 magnitudine
1526 469 1687 503 animalis
1722 474 1901 515 respecta,
1934 468 2046 501 multo

290 533 404 567 maior
428 532 604 578 latiorque
632 537 694 575 est,
723 541 830 576 quam
860 529 895 563 in
922 529 1051 563 adultis
1078 530 1303 574 animalibus,
1329 529 1535 576 nequedum
1564 529 1722 563 maculae
1748 529 1888 575 rubrae,
1915 529 1951 563 in
1966 540 2047 562 cru—

289 595 338 628 cis
365 594 515 628 sormam
545 592 786 639 compositae,
814 591 850 625 in
876 591 1063 638 superficie
1091 591 1380 638 conspiciuntur,
1414 590 1476 624 sed
1503 590 1620 625 adliuc
1647 597 1755 624 testae
1782 597 1954 624 structura
1979 590 2051 624 hoc

289 657 368 690 loco
397 654 545 699 eadem,
580 666 671 700 quae
699 653 735 687 in
759 653 884 687 ceteris
910 653 1089 700 partibus,
1116 659 1177 686 est.
1230 653 1423 698 Postquam
1451 658 1567 686 autem
1602 653 1740 698 saepius
1773 652 1861 685 rutis
1887 664 2051 686 commu-

291 724 360 752 tata
388 723 450 761 est,
477 717 533 750 illa
556 714 748 749 eminentia
776 721 811 749 et
834 715 1030 762 marginem
1059 714 1256 748 acutiorem
1279 720 1311 747 et
1339 713 1497 747 colorem
1526 713 1735 746 lucidiorem
1768 713 1951 760 magisque
1974 714 2052 759 pel-

291 778 449 813 lucidum
476 777 605 823 accipit
631 783 666 810 et
690 783 766 811 tum
794 775 940 811 demum
968 777 1127 810 maculae
1152 776 1231 810 illae
1256 776 1386 811 rubrae
1413 774 1532 809 media
1551 775 1585 808 in
1612 775 1799 820 superficie
1823 774 1941 808 albida
1967 775 2053 808 sitae

290 846 472 887 apparent.

388 905 415 941 §.
446 904 502 935 50.
558 901 715 936 Ovorum
743 900 970 948 receptacula
997 912 1158 947 quoque,
1182 913 1274 947 quae
1298 898 1432 947 pedum
1457 898 1740 934 abdominalium
1766 898 1842 945 pari
1862 896 2053 931 undecimo

290 964 391 998 affixa
417 970 516 1007 sunt,
542 963 608 997 hac
635 962 781 997 demum
812 962 1026 996 evolutionis
1052 960 1204 1008 periodo
1230 973 1270 994 ex
1293 961 1377 1007 ipsis
1403 959 1535 1006 pedum
1566 959 1744 1006 partibus,
1778 958 1840 1004 qui
1868 965 1971 992 antea
1995 969 2055 991 ea-

291 1025 372 1060 dem
400 1025 514 1058 forma
541 1036 611 1070 qua
640 1024 747 1058 ceteri
776 1030 867 1064 sunt,
896 1023 1118 1057 evolvuntur.
1172 1020 1419 1062 (Conferantur
1440 1022 1522 1070 Fig.
1537 1020 1680 1055 XXIX.
1709 1027 1743 1054 et
1769 1019 1914 1061 XXX).
1979 1019 2055 1052 Hoc

291 1099 333 1120 eo
362 1084 535 1130 efficiiui·‚
570 1084 671 1131 quod
694 1085 815 1132 planta
841 1083 965 1131 pediS‚
992 1090 1031 1118 ut
1056 1084 1104 1118 ita
1131 1083 1249 1118 dicam
1277 1083 1386 1124 (ibidz
1405 1087 1473 1128 n.)‚
1508 1084 1638 1118 sensim
1665 1081 1850 1127 dilatatur,
1886 1080 2058 1115 branchia

292 1154 409 1180 autem
439 1147 592 1179 exterior
618 1145 689 1178 sive
721 1145 943 1192 triangularis
976 1143 1076 1185 (ibid.
1104 1149 1145 1186 r.)
1179 1145 1330 1180 formam
1363 1144 1556 1179 rotundam
1590 1151 1875 1190 structuramque
1907 1141 2057 1176 solidio-

292 1221 365 1242 rem
393 1208 531 1254 accipit.
583 1208 694 1243 Simul
722 1208 901 1241 musculus
926 1207 983 1241 ille
1009 1206 1111 1248 (ibid.
1138 1210 1187 1253 Α),
1214 1207 1276 1254 qui
1304 1208 1341 1241 in
1367 1206 1460 1253 pede
1484 1207 1560 1253 ipso
1590 1213 1687 1240 ortus
1713 1205 1758 1240 ad
1784 1204 1993 1239 branchiam
2020 1215 2057 1236 se

293 1268 448 1312 confert,
487 1269 636 1302 crassior
664 1275 697 1302 et
724 1268 851 1302 sortior
885 1281 994 1315 quam
1021 1268 1057 1302 in
1086 1269 1211 1304 ceteris
1236 1268 1414 1316 pedibus,
1447 1268 1576 1302 sensim
1605 1280 1641 1301 se
1668 1267 1858 1302 contrahit.
1911 1265 1993 1311 Qua
2019 1276 2056 1297 re

292 1331 464 1365 branchia
490 1331 668 1376 reiicitur,
694 1337 728 1365 et
752 1331 891 1378 plantae
918 1330 1021 1377 pedis
1047 1331 1337 1378 appropinquata
1366 1331 1402 1364 in
1430 1329 1639 1376 operculum
1667 1340 1815 1362 ovorum
1844 1325 2057 1373 receptaculi

296 1400 547 1427 commutatur.
600 1394 738 1427 Interea
765 1400 882 1428 autem
911 1393 1084 1428 branchia
1110 1393 1230 1429 minor
1262 1393 1333 1428 sive
1364 1399 1465 1426 ovata
1500 1391 1599 1433 (ibid.
1623 1394 1662 1434 s.)
1696 1396 1902 1437 corrugatur
1928 1400 1968 1422 ac
1994 1387 2059 1422 de-

296 1456 431 1492 crescit.
457 1463 491 1489 et
517 1455 762 1490 rudimentum
791 1457 865 1490 eius
892 1469 998 1503 saepe
1035 1457 1071 1490 in
1107 1454 1235 1489 adultis
1263 1454 1368 1487 etiam
1396 1452 1609 1486 animalibus
1643 1451 1827 1497 reperitur.
1860 1469 1904 1477 —
1940 1449 2060 1482 Prius-

296 1529 403 1562 quam
432 1523 550 1551 autem
577 1517 644 1551 hae
674 1524 790 1564 partes
818 1517 862 1551 ad
889 1517 983 1551 hanc
1008 1516 1201 1564 perfectam
1228 1516 1377 1550 formam
1401 1514 1640 1561 perveniunt,
1674 1513 1793 1546 multis
1827 1517 1936 1545 testae
1960 1522 2061 1544 com-

295 1579 554 1612 mutationibus
582 1591 672 1625 opus
701 1592 775 1613 esse
801 1579 960 1624 videtur,
983 1592 1064 1613 nam
1093 1591 1203 1626 quum
1232 1577 1342 1624 pedes
1365 1577 1537 1610 thoracici
1564 1576 1718 1609 maiores
1741 1574 1810 1608 iam
1834 1574 1870 1607 in
1897 1571 2061 1606 animali-

294 1639 360 1672 bus
389 1647 543 1686 quatuor
566 1641 677 1675 lineas
704 1642 817 1688 longis
841 1641 1112 1684 desiderantur,
1151 1640 1373 1686 receptacula
1409 1650 1558 1672 ovorum
1587 1635 1766 1670 interdum
1794 1636 1830 1669 in
1863 1635 1925 1679 iis,
1968 1645 2060 1680 quae

296 1702 518 1750 longitudine
542 1703 681 1749 pollicis
707 1703 897 1737 dimidium
927 1709 1109 1749 superant⁷
1137 1701 1343 1748 imperfecta
1370 1700 1609 1734 inveniuntur.
1638 1716 1682 1723 -
1716 1698 1786 1732 Hac
1813 1696 2061 1731 observatione

297 1765 343 1798 lll.
372 1764 618 1798 Bertholdi
659 1765 785 1811 opinio
813 1765 1000 1810 refellitur,
1035 1765 1096 1812 qui
1126 1776 1279 1797 ovorum
1308 1762 1520 1808 receptaculi
1548 1761 1693 1794 alteram
1723 1766 1860 1806 partem
1886 1757 2059 1791 branchia

296 1826 499 1873 triangulari
528 1834 561 1860 et
584 1827 704 1873 planta
732 1826 834 1873 pedis
861 1828 1061 1871 concretis,
1101 1825 1246 1858 alteram
1273 1823 1344 1857 sive
1383 1822 1591 1869 operculum
1628 1820 1799 1854 branchia
1833 1827 1935 1854 ovata
1958 1831 2059 1853 com-

296 1894 428 1920 mutata
454 1886 545 1921 effici
569 1894 680 1934 putat.

394 1948 438 1981 Ex
474 1948 540 1982 hac
576 1948 785 1995 imperfecta
821 1948 1032 1995 receptaculi
1070 1960 1219 1982 ovorum
1254 1945 1388 1980 externi
1434 1942 1699 1977 constructione
1733 1939 1899 1975 concludi
1931 1946 2060 1986 potest,

296 2008 434 2041 interna
463 2020 610 2055 quoque
636 2009 801 2055 genitalia
835 2009 906 2042 hoc
931 2016 1095 2056 tempore
1130 2008 1293 2043 nondum
1328 2006 1585 2053 perfectionem
1620 2003 1747 2050 adepta
1775 2015 1859 2036 esse.
1921 2003 1962 2036 Et
1987 2002 2058 2035 hoc

298 2071 507 2114 quaestione
534 2071 734 2105 anatomiea
761 2071 1004 2105 confirmatur.
1080 2070 1250 2105 Owarium
1278 2068 1541 2116 (F1·g.XXXl.)
1569 2065 1795 2109 animalium,
1829 2076 1920 2110 quae
1948 2063 2059 2096 linea-

298 2143 374 2164 rum
409 2139 564 2178 quatuor
597 2134 650 2166 vel
683 2133 845 2180 quinque
880 2133 1104 2180 longitudine
1134 2139 1235 2174 suut7
1273 2131 1346 2165 sola
1379 2142 1397 2163 e
1431 2129 1546 2163 fistula
1577 2128 1711 2161 maiore
1747 2131 1905 2167 constat,
1946 2135 2054 2169 quam

298 2203 401 2236 supra
428 2194 691 2239 receptaculum
720 2207 868 2228 ovorum
899 2195 1079 2228 internum
1109 2193 1381 2228 nominavimus.
1448 2189 1575 2224 Tubuli
1602 2189 1760 2223 minores
1788 2197 1882 2220 nunc
1909 2185 2055 2220 demum

298 2253 427 2285 sensim
456 2255 631 2299 existunt,
658 2262 692 2289 et
719 2255 754 2289 id
781 2255 928 2302 quidem
957 2269 998 2290 eo
1027 2255 1201 2299 efficitur,
1229 2254 1328 2301 quod
1356 2253 1563 2287 membrana
1589 2250 1724 2284 fistulae
1752 2247 1891 2281 mediae
1920 2247 2057 2293 ubique

297 2325 482 2359 processus
509 2328 635 2351 coecos
663 2324 697 2351 et
722 2318 946 2352 saccisormes
980 2317 1078 2358 (ibid.
1106 2321 1157 2358 x.)
1193 2316 1377 2363 propellit,
1416 2326 1570 2361 quorum
1598 2311 1703 2358 primi
1732 2309 1948 2353 anteriores,
1981 2315 2055 2342 tum

298 2376 512 2421 posteriores
539 2379 668 2412 sensim
696 2379 898 2426 complures
934 2380 970 2414 in
1003 2392 1121 2413 ramos
1148 2392 1183 2412 se
1211 2377 1386 2412 dividunt.
1437 2377 1524 2410 Tota
1552 2381 1670 2408 autem
1697 2384 1777 2418 pars
1804 2370 1921 2404 adhuc
1954 2382 2058 2416 pror·

297 2449 353 2470 sus
377 2438 552 2483 pellucida
579 2447 642 2484 est,
668 2453 733 2474 nec
760 2453 910 2475 ovorum
938 2442 1048 2475 ullum
1077 2441 1259 2486 vestigium
1289 2439 1472 2485 reperitur.
1515 2436 1626 2470 Ovula
1653 2434 1764 2468 multo
1792 2439 1876 2478 post
1900 2431 2059 2475 demum,

298 2504 330 2530 et
358 2499 471 2543 prima
500 2499 645 2545 quidem
674 2502 709 2535 in
732 2503 909 2536 anteriore
934 2503 1043 2536 ovarii
1069 2509 1180 2549 parte.
1203 2502 1364 2535 existunt.

395 2563 423 2598 ἓ.
453 2563 509 2593 ol.
579 2561 817 2599 Ventriculus
853 2564 944 2612 (Fig.
968 2564 1111 2599 XXIII.
1139 2562 1288 2597 XXIV.
1320 2561 1379 2601 Γ.)
1413 2572 1561 2607 quoque
1596 2558 1759 2594 nondum
1794 2569 1871 2591 eam
1908 2556 2057 2590 formam
