2419 2972
370 416 667 462 phalothoraeem
692 423 726 451 et
752 416 823 451 oris
849 423 967 463 partes
994 418 1183 467 obtegente
1211 419 1341 466 differt,
1368 418 1403 453 in
1430 416 1598 452 inferiore
1625 422 1742 450 autem
1768 422 1869 463 parte
1889 416 2136 451 membranam

369 479 451 512 satis
478 477 627 525 quidem
654 476 795 511 firmam
823 478 980 526 (FigJI.
996 478 1058 524 (1.),
1092 480 1155 515 sed
1184 481 1416 515 tenerrimam
1442 486 1476 514 et
1502 479 1651 513 omnino
1679 477 1893 525 pellucidam
1910 503 1920 523 ,
1947 490 2038 525 quae
2066 478 2138 512 aeri

369 537 506 572 aditum
534 537 580 572 ad
604 538 813 584 sanguinem
842 537 927 572 (lare
953 538 1105 574 videtur.

466 600 562 635 Scuti
585 606 737 645 utraque
764 599 800 632 in
826 606 927 645 parte
953 600 1086 635 laterali
1114 603 1300 650 complura
1323 603 1593 650 conspiciuntur
1617 614 1698 636 vasa
1723 601 1819 650 <F1·g.
1830 601 1858 636 I.
1885 601 1968 650 Fig.
1979 602 2024 637 X.
2037 600 2136 637 c¹.c².

368 663 412 695 οἳ.
429 664 563 706 c¹².c⁵.)‚
598 673 689 708 quae
715 667 824 695 strato
860 661 896 694 in
923 661 1045 695 medio
1078 663 1144 697 sita
1171 671 1205 697 et
1232 665 1431 699 viventibus
1462 663 1675 698 animalibus
1700 663 1841 710 liquore
1873 662 2032 710 quodam
2055 676 2138 698 san-

367 723 498 768 guineo
525 723 660 769 repleta
693 734 735 755 ex
761 721 1063 768 cephalothoraee
1093 724 1285 759 ascendere
1315 726 1671 772 extremitatibusque
1703 725 1874 759 arcuatim
1909 725 2038 760 reflexa
2064 738 2138 760 esse

368 783 545 818 videntur.
596 783 668 817 Hos
695 784 833 817 canales
861 783 990 818 diversi
1010 786 1200 832 scriptores
1227 786 1364 821 diverse
1386 787 1651 833 descripserunt
1677 793 1785 833 atque
1803 787 2025 833 interpretati
2046 793 2136 821 sunt.

369 844 578 879 Schaeser
604 857 730 878 eorum
767 857 895 878 novem
933 848 1133 881 numeravit
1164 849 1395 896 putavitque,
1426 862 1467 883 ex
1502 848 1699 882 ventriculo
1735 859 1796 881 eos
1827 849 1949 882 venire
1977 854 2012 882 et
2039 847 2138 882 illum

367 920 530 952 succum,
556 919 630 954 quo
657 913 746 941 testa
770 919 893 941 recens
920 916 1189 954 procrearetur,
1215 922 1413 944 secernere.
1467 908 1610 944 Gaede
1638 915 1673 942 et
1698 908 1912 943 Berthold
1933 909 2027 943 hane
2055 909 2139 956 qui-

368 969 451 1003 dem
478 969 691 1016 opinionem
718 968 957 1003 emendarunt
991 976 1026 1003 et
1052 971 1191 1004 canales
1225 971 1304 1005 illos
1337 984 1418 1006 vasa
1441 971 1640 1018 sanguifera
1666 982 1741 1004 esse
1769 978 2035 1017 cognoverunt,
2075 970 2138 1005 sed

369 1038 450 1065 octo
477 1037 617 1065 tantum
644 1029 815 1065 viderunt
843 1037 878 1064 ct
905 1030 1060 1065 Gaede
1088 1031 1237 1078 quidem
1266 1033 1307 1066 iis
1333 1046 1444 1067 unum
1473 1032 1585 1067 modo
1612 1044 1672 1067 vas
1698 1039 1826 1080 quater
1852 1033 2020 1067 reflexum
2045 1045 2136 1068 con-

367 1093 478 1138 stitui,
503 1092 638 1126 Berth
654 1092 729 1126 old
755 1099 871 1126 autem
900 1092 972 1127 duo
999 1106 1079 1128 vasa
1106 1095 1278 1141 componi
1307 1095 1532 1140 existimavit,
1558 1108 1715 1142 quorum
1742 1096 1892 1130 alterum
1920 1107 2001 1129 eum
2029 1094 2138 1130 corde

368 1156 601 1190 eoniunetum
628 1161 729 1199 esset,
756 1155 905 1188 alterum
932 1155 1229 1201 profundioribus
1252 1157 1413 1203 corporis
1441 1169 1459 1190 e
1486 1157 1646 1204 partibus
1673 1156 1892 1191 ascenderet.

464 1216 555 1251 Nulli
588 1216 720 1250 horum
754 1217 970 1263 scriptorum
1006 1218 1158 1251 omnino
1187 1218 1345 1252 assentiri
1380 1230 1539 1265 possum.
1600 1219 1760 1253 Primum
1797 1217 1898 1266 quod
1923 1218 2055 1253 horum
2080 1230 2139 1252 ca-

367 1278 501 1312 nalium
536 1277 582 1312 ad
620 1291 810 1312 numerum
839 1279 984 1324 attinet,
1021 1292 1096 1313 non
1128 1286 1167 1313 ut
1203 1279 1347 1314 Gaede
1381 1287 1415 1314 et
1449 1280 1662 1315 Berthold
1687 1283 1715 1322 ²¹⁷)
1752 1279 1977 1315 contendunt
2012 1286 2138 1315 contra

368 1339 683 1386 Schaeferum,
710 1348 792 1375 octo
815 1342 954 1375 canales
981 1341 1044 1376 sed
1070 1353 1192 1375 revera
1220 1353 1350 1375 novem
1375 1348 1476 1387 sunt,
1510 1342 1565 1376 vel
1594 1349 1633 1376 ut
1655 1342 1770 1376 verius
1796 1342 1934 1387 dicam,
1961 1342 2136 1388 quinque.

367 1400 503 1434 Medius
531 1402 626 1435 enim
654 1414 779 1435 eorum
808 1403 900 1450 (Fig.
914 1402 939 1438 I.
954 1402 999 1438 II.
1013 1403 1125 1443 X.c¹.)
1154 1403 1242 1436 latus
1267 1415 1308 1436 ex
1335 1415 1488 1449 corpore
1516 1403 1554 1438 in
1578 1411 1716 1438 scutum
1744 1404 1924 1449 ascendit,
1959 1416 2043 1438 mox
2070 1416 2134 1438 au-

368 1469 439 1496 tem
468 1463 579 1510 magis
607 1470 806 1498 coaretatur
832 1471 867 1497 et
893 1466 1113 1498 extremitate
1143 1477 1247 1499 caeca
1273 1466 1494 1498 terminatur.
1547 1465 1665 1511 Prope
1691 1465 1788 1499 hune
1813 1471 1884 1499 tres
1909 1465 1967 1499 alii
1995 1466 2135 1500 canales

367 1524 468 1564 (ibid.
497 1525 670 1565 0³.c³.c⁴.)
707 1524 925 1571 decurrunt‚
963 1527 1078 1572 planis
1105 1525 1368 1573 dissepimentis
1397 1526 1488 1560 inter
1513 1538 1550 1560 se
1577 1525 1768 1571 disiuncti,
1806 1527 1868 1573 qui
1896 1527 1989 1561 circa
2019 1534 2135 1561 extre-

369 1587 529 1620 mitatem
558 1586 668 1621 medii
695 1599 731 1620 se
757 1588 904 1621 flectunt
931 1595 965 1621 et
990 1601 1031 1622 ex
1057 1588 1165 1622 altera
1192 1595 1291 1634 parte
1318 1588 1423 1622 liuius
1450 1587 1579 1622 eodem
1607 1587 1718 1622 modo
1747 1595 1950 1634 recurrunt3
1978 1588 2136 1636 denique

370 1648 499 1682 adultis
523 1648 559 1682 in
585 1649 798 1683 animalibus
825 1656 921 1683 extra
946 1649 1013 1683 hos
1042 1650 1188 1696 quintus
1215 1650 1345 1683 canalis
1372 1650 1464 1697 (Fig.
1480 1649 1507 1684 I.
1525 1650 1639 1690 II.c5.)
1667 1650 1863 1696 reperitur,
1891 1650 1953 1696 qui
1982 1650 2138 1685 eundem

371 1709 519 1756 quidem
548 1722 690 1743 eui-suin
718 1711 970 1757 persequitur,
1006 1711 1181 1744 exteriore
1204 1718 1322 1744 autem
1350 1718 1449 1757 parte
1477 1724 1551 1745 non
1579 1718 1652 1746 tam
1680 1719 1776 1746 certo
1805 1711 1940 1759 pariete
1967 1714 2138 1747 termina-

371 1779 438 1816 tur,
464 1771 527 1805 sed
554 1772 685 1805 sensim
713 1772 749 1805 in
777 1784 927 1806 massam
957 1773 1160 1806 eellulosam
1189 1772 1384 1806 branchiae
1411 1774 1606 1807 transit.—
1625 1774 1770 1808 Praeter
1792 1774 1859 1808 hos
1886 1774 2025 1809 canales
2051 1774 2138 1808 alius

369 1835 498 1880 impar,
525 1834 587 1881 qui
614 1833 732 1868 adhuc
758 1846 902 1881 prorsus
930 1834 1107 1881 neglectus
1125 1846 1199 1868 esse
1224 1834 1377 1881 videtur,
1405 1836 1441 1869 in
1459 1842 1558 1870 scuto
1576 1836 1766 1871 invenitur.
1794 1835 2137 1884 Hie(th.I.Il.0*.)

369 1896 407 1929 in
435 1896 527 1929 linea
554 1895 721 1930 mediana
747 1896 835 1930 scuti
863 1895 1032 1941 decurrit,
1058 1896 1120 1930 ubi
1148 1895 1239 1929 duae
1267 1903 1385 1942 partes
1410 1897 1569 1931 laterales
1596 1898 1817 1932 conveniunt
1843 1904 1878 1931 et
1902 1910 2008 1944 supra
2034 1898 2137 1932 erista

368 1957 458 1991 senti
486 1956 616 1991 dorsali
644 1958 824 1991 eminente
852 1958 993 1992 obtecta
1021 1964 1082 1991 est.
1141 1957 1220 1991 Non
1243 1964 1313 1991 tam
1343 1959 1447 2005 plane
1475 1958 1622 2005 quidem
1652 1971 1759 2005 quam
1787 1959 1895 1993 ceteri
1922 1959 1982 1993 hic
2008 1960 2137 1994 canalis

370 2031 553 2065 expressus
579 2025 642 2064 εει,
669 2031 736 2053 nec
761 2026 834 2053 tam
862 2020 966 2053 certis
993 2019 1188 2066 parietibus
1214 2020 1438 2065 terminatur7
1467 2032 1609 2066 semper
1635 2027 1753 2054 autem
1781 2020 1819 2054 in
1846 2033 1888 2054 eo
1916 2020 2032 2054 maior
2054 2033 2137 2054 san-

369 2081 484 2125 guinis
511 2080 685 2127 coagulati
713 2081 818 2127 copia
840 2081 1027 2127 reperitur.

469 2141 637 2176 Consulto
665 2153 752 2176 voce
778 2140 965 2187 „canalcs⁵‘
992 2154 1074 2176 usus
1100 2154 1191 2188 sum,
1218 2143 1302 2189 quia
1330 2150 1478 2190 propter
1503 2143 1630 2177 harum
1659 2143 1814 2190 partium
1842 2150 2052 2177 structuram
2076 2156 2135 2177 va-

369 2215 488 2237 sorum
517 2216 653 2238 nomen
680 2216 755 2238 non
782 2210 905 2250 aptum
933 2216 1007 2237 esse
1033 2203 1183 2237 videtur.
1238 2205 1275 2238 ln
1304 2205 1472 2238 omnibus
1499 2205 1594 2238 enim
1618 2204 1674 2238 his
1701 2206 1881 2239 canalibus
1910 2206 2047 2251 proprii
2072 2218 2136 2252 pa-

370 2263 474 2296 rietes
499 2263 771 2309 desiderantur,
811 2271 845 2298 et
875 2264 1131 2310 dissepimenta
1165 2265 1206 2298 iis
1234 2265 1418 2299 interiecta
1454 2266 1613 2300 lamellae
1642 2273 1780 2300 tantum
1814 2267 2028 2301 tenerrimae
2054 2274 2134 2301 sunt

369 2324 479 2370 ipsius
507 2338 640 2359 massae
667 2326 893 2360 branehialis.
920 2325 1056 2359 Medius
1082 2333 1218 2360 tantum
1245 2327 1375 2360 canalis
1402 2326 1473 2361 fere
1498 2327 1543 2361 ad
1566 2328 1705 2362 tertiam
1725 2340 1838 2374 usque
1858 2335 1996 2374 partem
2021 2342 2134 2364 mem-

370 2388 482 2424 brana
508 2387 677 2433 peculiari
705 2387 937 2421 circumcludi
964 2386 1105 2422 videtur
1131 2388 1356 2437 (Fig.X.a.).

428 2471 462 2508 ὕ)
486 2470 589 2509 Figura
604 2493 611 2507 ,
646 2478 701 2508 qua
722 2470 825 2500 horum
849 2470 993 2500 canalium
1022 2471 1176 2501 decursum
1200 2472 1322 2502 illustrat
1344 2472 1379 2502 cl.
1402 2473 1596 2503 Berthold
1630 2473 1664 2510 (1.
1690 2482 1715 2504 r.
1748 2474 1895 2504 Tab.V11.
1920 2475 1966 2514 fig.
1985 2475 2026 2512 1.)
2062 2476 2133 2505 satis

493 2523 610 2561 quidem
634 2526 755 2552 naturae
779 2528 979 2554 consentanea
1004 2529 1057 2561 est,
1079 2525 1168 2555 niodo
1193 2526 1258 2556 illae
1280 2530 1396 2565 partes,
1421 2528 1524 2566 quibus
1547 2536 1618 2558 vasa
1640 2528 1800 2568 significari
1823 2529 1883 2560 vult
1904 2528 2047 2567 scriptor,
2071 2528 2134 2558 dis-

491 2578 665 2617 sepimenta‚
689 2579 793 2607 contra
816 2578 905 2608 striae
927 2578 1102 2611 interiectae
1124 2579 1251 2620 albulae,
1274 2590 1346 2612 vasa
1370 2581 1579 2621 intelligantur.
