2419 2972
280 424 378 452 setae
400 415 571 451 candales
597 414 698 455 (ibid.
727 415 782 455 Ji‘.)
810 420 845 447 ut
875 413 946 447 duo
974 425 1160 460 processus
1187 415 1286 461 parvi
1306 415 1482 461 eminent3
1513 416 1641 450 certius
1667 416 1787 450 annuli
1815 414 1961 463 quidam
1984 416 2048 450 ab·

277 478 435 512 dominis
462 477 630 524 distingui
658 483 817 523 possunt.
870 475 1084 511 Intestinum
1113 478 1239 511 melius
1266 477 1484 522 conspicitur
1508 484 1542 511 et
1557 478 1707 511 omnino
1727 478 1876 524 simplex
1906 484 1967 521 est‚
1989 490 2043 510 ex-

277 539 434 573 tremitas
462 539 536 572 eius
563 538 732 582 anterior,
759 537 870 570 multo
896 536 1043 583 quidem
1071 537 1177 572 latior
1202 537 1265 572 sed
1295 551 1314 571 a
1339 544 1439 584 parte
1465 539 1664 584 posteriore
1691 539 1785 573 nulla
1814 539 1967 573 incisura
1993 551 2049 571 se-

278 601 410 645 iuncta,
436 601 680 635 ‘ventriculum
707 598 812 631 resen-t
840 597 938 636 (ibid.
956 597 1032 643 V.),
1060 599 1159 632 cuius
1186 599 1222 632 in
1253 600 1411 646 margine
1439 601 1617 634 anteriore
1645 600 1717 635 duo
1746 613 1932 646 processus
1959 613 2047 634 eon-

278 662 478 709 spiciuntur
511 660 610 702 (ibid.
639 660 704 704 sa),
744 659 806 705 qui
842 658 1044 705 primordia
1078 667 1160 694 sunt
1192 661 1369 694 maiorum
1406 661 1589 695 ventriculi
1623 661 1863 709 appendicum
1897 662 2048 708 glandu-

278 725 445 758 losarum.

376 789 406 825 §.
430 783 488 818 44.
541 784 597 817 Bis
623 782 783 829 denique
810 789 889 816 cute
913 781 1088 829 deposita,
1116 781 1175 816 die
1203 782 1360 816 secundo
1389 783 1570 830 (Fig.l''.)‚
1599 783 1633 816 in
1662 796 1814 830 corpore
1842 783 1910 817 iam
1935 795 2047 829 paene

278 844 457 893 pellucido
486 844 695 878 intestinum
719 843 840 877 colore
866 841 1089 877 fusco-viridi
1116 850 1282 889 praestat,
1311 844 1516 878 abdominis
1543 851 1660 878 autem
1691 845 1724 878 iu
1754 852 1851 891 parte
1868 845 2046 878 anteriore

280 914 361 942 octo
384 907 437 940 vel
463 904 588 939 decem
616 904 736 938 annuli
764 903 864 944 (ibid.
892 907 932 945 e.)
965 903 1069 950 plane
1096 905 1384 951 conspiciuntur,
1420 904 1481 950 qui
1515 906 1645 938 sensim
1687 905 1721 938 in
1745 905 1856 952 pedes
1881 904 2049 939 abdomi—

279 969 378 1004 nales
413 968 617 1012 solvuntur,
653 973 688 1000 et
722 965 962 1012 spectaculum
999 965 1283 1011 pulcherrimum
1319 966 1510 1011 spectatori
1545 967 1729 1012 praebent.
1798 966 1883 999 Nam
1917 966 2047 998 sensim

279 1030 401 1065 annuli
423 1029 549 1076 singuli
577 1029 670 1062 inter
695 1040 731 1061 se
758 1027 893 1074 seiungi
921 1034 1136 1073 coeperunt,
1163 1034 1198 1061 et
1226 1028 1331 1074 primi
1358 1027 1505 1074 quidem
1534 1041 1657 1062 eorum
1686 1028 1861 1075 margines
1892 1028 2050 1060 laterales

278 1092 383 1126 soluti
404 1091 564 1125 foliolum
591 1090 694 1137 pedis
719 1096 915 1123 extremum
945 1087 1117 1133 efficiunt,
1143 1094 1217 1121 tum
1247 1095 1365 1122 autem
1392 1089 1568 1135 margines
1593 1101 1742 1135 quoque
1764 1088 1949 1122 inferiores
1967 1100 2050 1121 sen—

279 1154 345 1186 sim
374 1153 600 1196 evolvuntur,
629 1157 664 1185 et
690 1149 899 1184 dividuntur
923 1150 957 1183 in
987 1150 1150 1196 quinque
1177 1150 1317 1194 foliola,
1354 1162 1446 1196 quae
1473 1150 1689 1197 simulatque
1717 1150 1827 1184 libere
1854 1157 1934 1184 sunt
1961 1162 2047 1183 evo*

280 1215 363 1260 luta,
391 1221 528 1249 motum
558 1214 654 1248 illum
681 1220 894 1247 trementem
921 1219 955 1246 ct
982 1212 1197 1257 micantem>
1229 1211 1381 1258 pedibus
1407 1211 1697 1245 alnlominalibus
1721 1212 1930 1258 proprium,
1959 1211 2048 1246 inci-

280 1276 393 1322 piunt.
445 1276 548 1311 Setae
573 1274 744 1310 candales
779 1275 849 1308 iam
883 1275 995 1308 multo
1033 1274 1212 1320 longiores
1245 1281 1328 1307 sunt,
1361 1280 1395 1307 et
1427 1273 1655 1309 ventriculus
1688 1272 1787 1313 (ibid.
1815 1272 1876 1314 V.)
1911 1273 2048 1307 maiore

281 1337 468 1372 latitudine
492 1338 536 1371 ab
563 1338 732 1371 intestino
761 1337 871 1383 magis
894 1336 1085 1380 seiunctus,
1113 1336 1181 1370 iam
1202 1334 1293 1369 duos
1319 1347 1506 1381 processus
1520 1334 1619 1375 (ibid.
1639 1337 1687 1375 v.)
1714 1347 1754 1369 ex
1781 1341 1932 1380 utraque
1948 1341 2049 1380 parte

284 1399 376 1433 oculi
404 1399 572 1444 ostendit,
596 1400 804 1434 intestinum
830 1406 966 1433 rectum
994 1404 1113 1431 autem
1148 1396 1247 1438 (ibid.
1274 1395 1331 1437 R.)
1366 1404 1540 1431 structura
1570 1397 1757 1430 musculari
1787 1403 1820 1430 et
1847 1396 1966 1430 colore
1994 1397 2051 1429 ni-

281 1460 357 1495 tido
387 1468 551 1508 praestat.
604 1461 741 1496 Oculus
780 1459 956 1494 rotundus
990 1466 1025 1493 ct
1058 1460 1157 1507 niger
1187 1459 1329 1493 sacculo
1367 1458 1525 1505 quodem
1566 1458 1842 1492 membranaceo
1879 1459 1977 1500 (ibid.
2002 1462 2050 1499 ο.)

283 1522 496 1557 circumdari
522 1522 672 1557 videtur.

379 1588 408 1623 §.
436 1582 494 1618 45.
547 1584 683 1619 Pedum
710 1585 976 1619 thoracicorum
1013 1591 1047 1619 et
1082 1585 1152 1618 oris
1187 1583 1341 1630 partium
1374 1588 1547 1616 structura
1579 1580 1635 1614 his
1667 1581 1704 1614 in
1735 1580 1948 1615 iuvenilibus
1974 1583 2052 1616 ani-

281 1645 440 1679 malculis
466 1646 555 1679 haec
581 1654 642 1680 est.
707 1646 792 1682 Duo
815 1649 924 1695 paria
947 1645 1081 1694 pedum
1110 1647 1376 1680 mutatoriorum
1402 1643 1464 1678 vel
1487 1643 1756 1677 tlzoracicorum
1791 1649 1873 1677 aute
1908 1644 2052 1678 mandi-

282 1707 384 1740 bulas
409 1719 552 1754 magnas
578 1708 614 1741 in
642 1709 820 1742 anteriore
847 1715 945 1755 parte
973 1707 1298 1754 cephalothoraeis,
1322 1717 1414 1752 quae
1432 1704 1504 1738 hoc
1527 1703 1741 1737 evolationis
1757 1710 1920 1750 tempore
1938 1706 2051 1739 multo

283 1769 400 1802 maior
426 1768 580 1803 necdum
616 1783 635 1804 a
662 1771 861 1817 posteriore
895 1777 995 1816 parte
1024 1777 1095 1803 tam
1127 1769 1293 1802 distincte
1323 1767 1481 1801 seiuncta
1514 1777 1588 1799 esse
1612 1763 1772 1809 videtur,
1807 1766 1924 1811 posita
1958 1775 2050 1801 sunt.

279 1830 446 1866 Minores
463 1830 577 1878 pedes
604 1832 673 1865 iam
701 1845 806 1878 supra
833 1831 1000 1878 descripti
1027 1838 1119 1865 sunt.
1184 1829 1349 1864 IlIaiores
1384 1834 1418 1861 et
1444 1826 1660 1873 posteriores
1694 1825 1787 1874 (Fig.
1806 1826 1906 1868 Vll.)
1939 1829 2053 1862 tribus

282 1893 437 1926 articulis
463 1893 656 1939 compositi
691 1901 792 1938 sunt,
826 1906 980 1939 <luorum
1014 1893 1151 1939 primus
1187 1890 1285 1931 (ibid.
1318 1892 1360 1929 1.)
1400 1887 1561 1922 omnium
1590 1887 1818 1921 brevissimus
1845 1889 2049 1923 membrum

282 1954 426 2000 longum
452 1960 486 1988 et
511 1953 612 1988 valde
639 1955 774 1988 mobile
802 1954 900 1995 (ibid.
925 1960 970 1995 a.)
1000 1955 1076 1998 sci-i,
1104 1954 1203 1987 cuius
1229 1952 1321 1999 apici
1348 1962 1534 1997 processus
1561 1949 1708 1995 quidam
1736 1949 1920 1996 hamanis,
1947 1952 2050 1998 spina

281 2014 414 2048 laterali
444 2015 645 2061 instructus,
671 2017 918 2050 articulatione
942 2016 1128 2050 adiunctus
1155 2021 1223 2060 est3
1259 2012 1436 2047 sccundus
1460 2010 1559 2052 (ibid.
1586 2014 1651 2056 Q.)‚
1685 2012 1802 2058 primo
1830 2012 1940 2059 duplo
1968 2014 2050 2047 lon—

281 2075 378 2121 gior,
413 2076 518 2110 simili
553 2077 752 2123 appendice
788 2078 901 2112 tribus
926 2077 1008 2111 setis
1032 2076 1216 2111 natatoriis
1243 2080 1414 2109 coronata
1442 2071 1541 2113 (ibid.
1567 2071 1609 2113 b.)
1639 2073 1829 2106 instructus
1856 2080 1916 2107 est.
1965 2074 2050 2108 Ter-

287 2137 336 2170 tio
365 2136 522 2184 denique
550 2138 697 2172 articulo
727 2139 827 2180 (ibid.
855 2142 900 2180 3.)
937 2139 982 2173 ad
1009 2139 1148 2185 apicem
1174 2149 1294 2171 versus
1322 2140 1502 2169 attenuato
1532 2134 1695 2180 quinque
1722 2141 1815 2168 setae
1843 2135 1968 2182 longae
1995 2136 2051 2170 in-

282 2197 368 2230 sitae
394 2205 483 2232 sunt.
536 2199 578 2232 Hi
605 2200 740 2233 articuli
769 2200 1076 2234 articulationiluis
1104 2200 1151 2233 ita
1178 2199 1270 2232 inter
1296 2210 1332 2231 se
1359 2196 1541 2231 coniuncti
1570 2202 1669 2240 sunt,
1694 2202 1732 2229 ut
1757 2196 1893 2241 primus
1921 2203 1954 2230 et
1977 2203 2050 2231 ter-

282 2258 349 2292 tius
374 2260 514 2293 nonnisi
542 2261 580 2294 in
606 2261 815 2307 posteriora,
843 2261 1019 2295 secundus
1048 2262 1081 2294 iu
1109 2260 1287 2294 anteriora
1309 2265 1449 2293 tantum
1476 2257 1570 2291 flecti
1597 2257 1755 2303 possint,
1784 2269 1894 2303 quare
1922 2258 1982 2303 fit,
2010 2267 2048 2292 ut

281 2320 319 2353 hi
346 2319 457 2366 pedes
479 2327 594 2355 totum
622 2334 686 2368 per
713 2323 832 2356 circuli
861 2322 1051 2356 dimidium
1081 2328 1301 2356 moveantur.
1363 2319 1504 2354 Animal
1537 2325 1655 2352 autem
1690 2319 1732 2351 iis
1758 2331 1832 2352 non
1857 2320 1971 2353 solum
2000 2320 2046 2353 ad

283 2381 493 2426 natandum,
520 2383 582 2416 sed
610 2385 715 2418 etiam
745 2384 790 2418 ad
816 2385 1025 2419 attrahenda
1052 2385 1220 2418 alimenta
1243 2383 1366 2427 utitur,
1393 2388 1427 2415 et
1454 2381 1502 2414 illi
1523 2379 1669 2426 quidem
1686 2392 1872 2426 processus
1898 2381 2045 2427 hamati³

284 2445 320 2478 in
348 2443 465 2490 primo
494 2444 640 2478 articulo
668 2447 788 2492 positi,
817 2447 993 2492 imprimis
1022 2446 1106 2480 huic
1133 2446 1182 2479 rei
1212 2444 1420 2488 inserviunt,
1447 2454 1528 2476 nam
1559 2441 1700 2487 quoties
1726 2441 1837 2488 pedes
1864 2442 1898 2475 in
1925 2450 2046 2488 poste-

282 2505 376 2538 riora
403 2511 610 2550 moventur,
644 2507 747 2541 toties
774 2509 962 2541 amborum
998 2507 1132 2554 pedum
1166 2518 1351 2553 processus
1383 2510 1465 2551 post
1498 2502 1723 2536 mandibulas
1750 2504 1975 2537 conveniunt.
2003 2526 2047 2530 —-

286 2566 378 2603 Oris
407 2575 532 2615 partes
564 2568 655 2615 (Fig.
688 2569 770 2610 Vl.)
811 2570 852 2604 iis
884 2576 964 2604 suut
1001 2570 1149 2614 similes,
1194 2580 1285 2614 quae
1321 2566 1449 2601 adultis
1485 2566 1520 2599 in
1556 2565 1768 2599 animalibus
1810 2567 2046 2611 reperiuntur.

1680 2626 1701 2657 8
