2419 2972
382 409 620 454 Mandibulcze
653 407 747 454 (Fig.
775 404 842 440 Vl.
871 410 905 437 et
933 402 1039 438 VIII.
1061 401 1118 443 D.)
1152 409 1291 436 tantum
1324 403 1591 437 constructione
1626 416 1716 437 nova
1752 411 1784 437 ct
1821 405 2031 438 iuvenilibus
2067 406 2145 439 ani-

381 471 531 505 malibus
558 468 703 516 propria
730 472 919 514 praestant.
972 466 1074 499 Parte
1099 464 1274 498 exteriore
1308 465 1523 511 subglobosa
1552 477 1570 498 e
1596 465 1897 512 cephalothorace
1924 466 2028 514 longe
2055 467 2145 502 emi-

383 539 470 566 nent
496 538 530 564 et
558 530 730 564 continuo
759 529 805 561 ita
830 532 1045 571 moventur,
1077 533 1115 559 ut
1141 525 1247 572 primi
1277 537 1397 559 earum
1435 525 1561 560 dentes
1588 527 1805 572 posteriores
1837 527 1903 560 sibi
1934 528 2142 563 inserantur.

382 594 566 627 Praeterea
593 597 710 625 autem
736 601 818 636 pars
844 600 966 622 earum
993 594 1136 621 externa
1162 586 1361 634 appendice
1388 587 1494 633 longa
1520 586 1624 630 (ibid.
1646 587 1709 632 ds),
1738 587 1877 632 mobili,
1902 588 2084 623 articulata
2110 596 2145 623 et

380 654 582 700 complures
610 653 645 685 in
673 650 817 685 lacinias
844 656 1015 694 exeunte,
1053 648 1223 682 instructa
1258 654 1319 682 est.
1377 648 1508 681 Harum
1542 648 1782 695 appendicum
1819 660 1888 695 ope
1925 648 2056 682 animal
2081 651 2145 684 ali-

379 722 498 749 menta
531 721 565 748 et
590 713 766 747 attrahere
794 718 828 745 et.
853 717 1074 745 contrectare
1105 709 1262 755 videtur,
1300 721 1380 742 nam
1413 715 1453 742 ut
1480 721 1666 755 processus
1699 709 1831 743 hamati
1867 709 2000 756 pedum
2029 711 2145 744 maio-

379 789 458 811 rum
484 783 566 822 post
588 773 813 809 mandibulas
838 778 1050 819 congruunt,
1077 771 1125 804 ita
1151 771 1188 805 hi
1216 782 1401 817 processus
1425 776 1634 814 moventur,
1657 777 1695 804 ut
1722 777 1802 816 post
1829 771 1984 804 maxillas
2010 782 2145 805 eonve-

378 839 479 873 niant
494 838 640 885 (eflFig.
657 835 749 876 Vl).
784 834 1005 870 Necessariae
1031 839 1149 867 autem
1163 832 1231 866 hae
1253 838 1369 879 partes
1385 831 1529 865 animali
1544 831 1689 865 iuvenili
1712 839 1903 878 propterea
1918 839 2010 874 sunt,
2044 833 2144 879 quod

378 899 489 947 pedes
515 898 761 933 abdominales
792 903 826 930 et
862 896 994 930 idcirco
1028 895 1142 939 fossa,
1175 894 1272 928 coxis
1304 906 1428 927 eorum
1456 893 1492 927 in
1519 899 1618 940 parte
1648 893 1792 927 ventrali
1819 894 2037 939 composita,
2081 907 2144 941 per

378 974 487 1008 quam
516 961 552 994 in
580 959 710 994 adultis
736 958 948 992 animalibus
974 957 1142 991 alimenta
1170 956 1223 990 ori
1250 961 1499 1002 apportantur,
1525 953 1687 988 nonduin
1715 960 1797 988 sunt
1823 955 1965 990 evoluti.
1992 974 2038 980 —
2061 956 2146 992 Ma-

374 1024 554 1058 xillarum
579 1022 776 1056 anteriores
802 1018 976 1068 (F1·g.Vl.
993 1018 1046 1059 E.)
1072 1018 1332 1065 posterioribus
1360 1017 1517 1050 minores
1540 1023 1622 1050 sunt
1648 1023 1682 1050 et
1707 1014 1811 1050 labro
1838 1027 1967 1062 magno
1999 1018 2144 1064 latoque

377 1084 478 1126 (ibid.
508 1084 558 1124 C.)
583 1083 710 1129 partim
739 1083 974 1128 obteguntur,
1012 1080 1229 1127 posteriores
1253 1077 1352 1118 (ibid.
1381 1078 1433 1117 F.)
1468 1076 1637 1111 dentibus
1660 1077 1810 1111 fortibus
1837 1076 2028 1111 instructae
2054 1086 2145 1112 sunt.

376 1148 543 1182 Ceterum
569 1157 693 1178 omnes
721 1144 787 1178 hae
814 1150 951 1190 partes,
987 1142 1070 1189 quia
1105 1153 1248 1188 prorsus
1278 1138 1477 1186 pellucidae
1517 1145 1551 1172 et
1583 1139 1648 1172 sub
1682 1139 1851 1172 intestino
1877 1138 2031 1172 obscuro
2059 1140 2145 1174 sitae

375 1214 469 1252 sunt,
496 1204 640 1240 difficile
665 1206 856 1251 observari,
884 1217 949 1239 nec
977 1204 1043 1238 nisi
1070 1204 1106 1237 in
1133 1203 1174 1236 iis
1197 1202 1422 1250 animalibus,
1449 1213 1604 1247 quorum
1628 1201 1843 1235 renti-iculus
1867 1200 2044 1234 alimentis
2064 1202 2145 1234 satis

378 1277 564 1305 evacuatus
593 1275 655 1314 est,
681 1269 774 1302 bene
797 1266 964 1313 cognosci
989 1271 1149 1313 possunt.

504 1478 533 1502 A
553 1477 688 1508 pedum
705 1475 996 1500 abdominalium
1014 1474 1224 1498 evolutione
1243 1479 1360 1503 usque
1379 1472 1427 1496 ml
1448 1473 1734 1497 decrescentium
1753 1473 1849 1502 paris
1873 1473 2007 1503 pedum

1035 1534 1301 1558 iinon-acinorum
1319 1534 1479 1558 secundi·

1062 1614 1118 1639 Tab.
1142 1614 1188 1639 IV.
1216 1615 1269 1648 Fiq.
1294 1614 1462 1642 IX—XXII.

473 1722 502 1757 ἕ.
531 1715 589 1752 116.
643 1715 728 1751 Cute
749 1717 876 1751 iterum
902 1721 1120 1750 commutata
1146 1714 1251 1748 tertio
1279 1713 1349 1748 fere
1374 1713 1432 1748 die
1460 1715 1552 1763 (Flg.
1568 1714 1634 1749 IX.
1664 1721 1697 1747 et
1717 1714 1785 1759 Al),
1807 1714 1876 1748 iam
1906 1720 2063 1760 quatuor
2085 1720 2143 1747 ant

377 1780 540 1827 quinque
551 1778 683 1826 pedum
703 1778 985 1813 abdominalizmi
1000 1779 1107 1823 paritz
1126 1777 1222 1824 (Fig.
1240 1776 1306 1810 IX.
1322 1776 1368 1810 X.
1386 1776 1436 1811 M.
1458 1776 1540 1824 Fig.
1558 1776 1625 1810 ΧΙ.
1645 1774 1746 1818 XII.)
1767 1775 1906 1809 evoluta
1929 1780 2023 1818 sunt,
2049 1786 2142 1820 quo-

376 1854 454 1875 rum
477 1840 610 1887 pedum
632 1840 784 1886 quisque
804 1840 838 1873 in
856 1840 1014 1885 margine
1037 1838 1203 1872 inl'eriore
1218 1850 1276 1871 sex
1295 1850 1480 1884 processus
1501 1838 1680 1883 foliaceos,
1706 1838 1787 1871 setis
1806 1838 2007 1876 instructos,
2030 1836 2067 1869 in
2084 1847 2144 1869 su-

375 1902 518 1948 periore
544 1900 732 1934 branchias
765 1899 851 1934 duas
877 1900 953 1933 fert.
1005 1900 1089 1933 Post
1114 1899 1180 1932 hos
1207 1899 1318 1945 pedes
1344 1911 1404 1933 sex
1429 1901 1482 1934 vel
1508 1906 1645 1946 septem
1673 1899 1794 1933 annuli
1829 1899 1924 1946 (Fig.
1943 1897 2010 1932 IX.
2031 1897 2076 1932 X.
2094 1898 2137 1938 e.)

376 1963 657 2010 conspiciuntur,
676 1975 830 2008 quorum
852 1962 1047 1996 anteriores
1074 1961 1164 1994 inter
1190 1973 1226 1994 se
1252 1960 1404 2009 disiungi
1423 1962 1629 2007 sensimque
1649 1960 1781 2007 pedum
1807 1960 1957 1993 sormam
1979 1959 2139 2005 accipere

377 2031 587 2072 coeperunt,
613 2031 652 2057 ut
671 2025 817 2069 eluceat,
833 2022 964 2069 pedum
994 2022 1234 2056 evolutionem
1261 2023 1304 2056 ab
1329 2023 1507 2056 anteriore
1533 2022 1693 2068 corporis
1720 2029 1819 2068 parte
1842 2022 1886 2056 ad
1905 2021 2141 2068 posteriorem

376 2085 555 2134 progredi.
594 2087 665 2120 Una
682 2092 798 2119 autem
818 2097 899 2119 cum
927 2084 1056 2117 horum
1077 2082 1210 2130 pedum
1229 2084 1433 2118 evolutione
1450 2083 1538 2118 aliae
1566 2095 1714 2130 quoque
1740 2095 1861 2130 graves
1888 2081 2142 2117 commutatio-

378 2161 439 2181 nes
462 2148 609 2182 diversis
636 2148 670 2181 in
699 2147 860 2193 corporis
886 2145 1046 2192 partibus
1073 2145 1317 2179 observantur.
1377 2146 1448 2179 Iam
1476 2145 1572 2178 enim
1609 2145 1646 2178 in
1676 2145 1975 2191 cephalothorace
2001 2145 2142 2177 ventri-

377 2209 478 2244 culus
501 2210 703 2256 complures
730 2207 947 2254 appendices
971 2207 1141 2253 utrinque
1168 2207 1338 2252 protulit,
1370 2219 1520 2253 quarum
1551 2205 1642 2240 duae
1669 2206 1868 2252 superiores
1897 2211 1931 2237 et
1957 2216 2028 2237 una
2051 2203 2142 2237 infe-

379 2272 451 2305 rior
476 2271 744 2316 discernuntur,
770 2277 805 2303 et
831 2276 905 2303 tum
935 2268 1079 2302 demum
1109 2269 1202 2302 inter
1227 2268 1294 2301 hos
1315 2280 1499 2314 processus
1524 2273 1559 2300 et
1585 2274 1666 2313 post
1693 2268 1833 2300 oculum
1855 2266 2028 2311 imparem
2049 2264 2140 2298 duae

378 2339 551 2379 apparent
575 2333 733 2366 maculae
760 2343 889 2378 parvae
929 2330 1032 2373 (ibid.
1062 2330 1139 2374 R),
1175 2336 1209 2363 et
1235 2330 1354 2363 colore
1380 2341 1588 2375 purpureo,
1622 2335 1656 2361 et
1688 2327 1878 2374 splendore
1909 2333 2139 2373 praestantes,

379 2407 467 2441 quas
501 2394 687 2428 oculorum
723 2395 1002 2442 compositorum
1033 2391 1240 2440 primordia
1273 2402 1346 2423 esse
1378 2389 1479 2423 facite
1513 2389 1727 2435 intelligitur.
1793 2387 1990 2431 Quomodo
2022 2393 2139 2420 autem

379 2467 504 2489 eorum
535 2461 652 2500 partes
679 2455 834 2500 singulae
866 2454 1093 2497 evolvantur,
1131 2458 1165 2485 et
1198 2464 1290 2498 quae
1317 2451 1453 2498 primae
1478 2450 1644 2493 existant,
1688 2448 1722 2481 id
1752 2447 1898 2495 quidem
1929 2447 2139 2495 perscrutari

380 2515 542 2550 nondum
570 2516 688 2560 licuit,
721 2522 842 2549 tamen
870 2516 982 2549 hocce
1010 2514 1141 2548 animal
1166 2514 1357 2560 praecipue
1389 2524 1462 2545 esse
1489 2518 1611 2558 aptum
1640 2517 1747 2557 puto,
1777 2511 1811 2544 in
1840 2522 1935 2556 quo,
1962 2508 2139 2555 magnitu-

378 2576 462 2611 dine
490 2578 642 2624 partium
670 2577 751 2611 satis
780 2584 900 2622 aucta,
927 2577 1016 2610 haec
1044 2588 1192 2623 quoque
1216 2587 1270 2609 res
1293 2574 1422 2608 summi
1451 2573 1625 2607 momenti
1653 2572 1798 2606 sortasse
1824 2570 1990 2618 cognosci
2016 2571 2138 2616 possit,
