2419 2972
267 414 424 460 primum
452 410 600 458 quidem
625 416 766 457 praeter
792 409 989 455 marginem
1029 407 1245 441 anteriorem
1279 407 1429 441 musculi
1463 408 1561 454 parvi
1590 408 1683 456 <Fig.
1706 408 1731 443 I.
1757 406 1792 442 4.
1809 406 1876 453 1.),
1897 421 1916 442 a
1942 416 2042 455 parte

267 473 415 508 ventrali
441 473 478 506 in
502 471 633 518 pedem
662 469 934 514 descendentis»,
970 468 1149 514 decurrit,
1176 475 1251 502 tum
1277 475 1395 503 autem
1425 470 1490 503 sub
1518 470 1616 504 hunc
1641 471 1841 513 musculum
1868 483 1904 504 se
1933 471 2043 506 ssectit

268 543 302 570 et
328 547 399 569 una
423 547 504 569 cum
534 547 599 579 cO,
628 533 730 568 nullis
758 539 861 566 antea
888 531 996 565 ramis
1024 530 1181 575 emissis,
1209 530 1244 563 in
1271 529 1403 576 pedem
1430 530 1626 565 descendit.
1680 531 1718 565 In
1745 531 1838 578 pede
1862 533 1939 579 ipso
1967 546 2042 567 non

266 598 392 644 procul
420 610 439 631 a
465 608 623 642 margine
651 595 725 628 eius
752 593 920 627 inferiore
948 604 1076 627 nervus
1105 592 1203 639 (Fig.
1231 591 1306 626 IV.
1335 590 1381 631 S.)
1415 591 1592 637 decurrit,
1629 605 1669 627 ac
1694 593 1839 627 ramulis
1865 594 1981 640 parvis
2009 601 2043 628 ct

266 659 311 694 ad
339 671 447 693 coxae
476 657 655 692 musculos
683 654 780 696 (ibid.
809 657 853 696 a.)
882 661 916 688 et
942 653 988 688 ad
1015 652 1214 688 secundum
1230 653 1449 700 tertiumque
1477 653 1578 699 pedis
1601 666 1809 701 processum
1838 655 1981 695 (ibidh.
1998 656 2041 698 c.)

266 721 414 765 emissis,
443 719 533 754 duos
560 719 596 752 in
619 730 739 752 ramos
767 716 867 758 (ibid.
892 717 927 752 d.
955 718 996 757 e.)
1024 716 1126 750 fissus
1152 722 1223 749 tres
1246 728 1433 762 processus
1462 715 1500 748 in
1526 715 1627 761 apice
1655 717 1792 762 positos
1819 717 1919 763 petit.

363 782 452 815 Ante
478 780 574 813 hunc
602 790 749 812 nervum
777 777 843 822 vel,
870 784 909 811 ut
934 778 1060 812 melius
1087 777 1220 819 dicam,
1245 790 1352 824 super
1378 789 1459 811 eum
1489 789 1616 811 nervus
1642 779 1748 824 paulo
1776 779 1920 813 tenuior
1947 779 2041 828 (Fig.

265 844 291 878 l.
319 840 353 876 4.
382 846 415 876 5.
443 842 476 875 6.
502 838 559 880 B.)
582 840 708 883 oritur,
736 839 797 885 qui
822 838 957 885 pedum
983 839 1150 874 musculis
1176 840 1314 886 magnis
1339 840 1374 873 in
1401 838 1599 873 abdomine
1623 839 1697 873 sitis
1731 839 1833 882 (ibic-l.
1858 840 1927 883 H'.)
1953 854 2043 888 pro-

264 906 361 951 prius
386 909 448 936 est.
500 901 671 948 Sequitur
697 901 792 934 enim
821 913 969 934 nerxum
998 900 1110 934 modo
1140 900 1359 947 descriptum
1389 900 1434 934 ad
1462 913 1543 934 eum
1569 913 1684 947 usque
1712 902 1829 936 locum
1847 929 1857 948 3
1884 916 1957 950 quo
1981 903 2042 937 hic

264 968 299 1000 in
328 964 458 1012 pedem
486 963 684 1009 descendit,
713 969 788 996 tum
816 969 935 996 autem
964 975 1102 996 sursum
1133 969 1167 996 ct
1193 962 1229 995 in
1257 962 1458 1008 posteriora
1485 973 1521 995 se
1549 962 1741 1007 convertit5
1769 964 1947 998 minorem
1975 977 2042 1011 pe-

262 1027 348 1061 dum
376 1026 576 1060 musculum
605 1025 697 1072 (Fig.
713 1024 739 1059 I.
768 1021 802 1057 ll.
829 1022 885 1065 J'.)
914 1023 1184 1071 transgreditur,
1212 1025 1459 1058 membranam
1486 1022 1714 1058 tendinosam
1743 1024 1923 1070 (ibuit),
1946 1039 2039 1072 quae

260 1088 480 1135 singulorum
508 1087 642 1134 pedum
674 1087 827 1134 parietes
854 1086 1050 1120 anteriores
1078 1087 1280 1133 coniungit„
1312 1086 1408 1120 subit
1437 1093 1471 1120 et
1502 1085 1547 1120 ad
1575 1087 1754 1121 musculos
1792 1087 1927 1133 pedum
1963 1101 2041 1123 ma-

259 1150 353 1183 iores
380 1149 480 1190 (ibid.
509 1148 577 1190 H'.)
602 1161 638 1182 se
666 1148 814 1182 confert.
866 1148 931 1181 Hic
955 1148 1126 1194 utrinque
1150 1160 1260 1195 parvo
1288 1149 1426 1182 ramulo
1455 1146 1648 1196 (Fig.ll.{.
1670 1151 1712 1193 ρ.)
1741 1149 1884 1193 ου’]ὶεεο,
1912 1162 2042 1183 nervus

260 1213 336 1259 ipse
363 1211 506 1246 duobus
532 1212 639 1246 ramis
664 1211 755 1259 (Fig.
769 1211 796 1245 I.
828 1211 860 1244 6.
889 1211 971 1258 ng.
995 1211 1040 1246 ll.
1065 1224 1099 1258 p.
1127 1216 1172 1259 q.)
1201 1208 1303 1255 pedis
1330 1209 1528 1243 musonium
1558 1209 1819 1255 complectitur.
1873 1209 2040 1253 Quorum

259 1285 377 1307 ramus
403 1273 562 1306 anterior
587 1272 706 1306 multis
733 1271 878 1305 ramulis
904 1271 1143 1305 subtilissimis
1172 1271 1272 1311 (ibid.
1299 1284 1324 1303 π
1353 1274 1453 1311 mys.)
1483 1271 1518 1304 in
1545 1271 1730 1316 superiore
1760 1273 1908 1306 musculi
1937 1273 2041 1307 fasci-

259 1334 338 1368 culo
363 1332 588 1378 diffunditur,
612 1345 729 1367 ramus
757 1333 936 1379 posterior
962 1332 1061 1374 (ibid.
1088 1335 1132 1383 q.)
1167 1331 1384 1379 profundius
1408 1332 1500 1365 intcr
1527 1332 1677 1365 musculi
1704 1332 1812 1366 fibras
1838 1332 2038 1379 descendit,

260 1396 429 1429 arcuatim
455 1395 548 1429 circa
576 1407 634 1429 eas
661 1407 697 1429 se
719 1396 829 1429 flectit
856 1402 890 1429 et
917 1396 1055 1429 ramulo
1083 1402 1283 1429 transverso
1312 1406 1392 1427 cum
1411 1393 1470 1427 illo
1500 1406 1608 1427 nervo
1638 1394 1848 1428 tenuissimo
1871 1394 2038 1442 (ibide).

259 1458 320 1504 qui
350 1470 390 1491 ex
417 1457 516 1491 nervi
544 1463 671 1492 trunco
700 1457 770 1491 iam
799 1463 906 1491 antea
934 1457 1081 1490 emissus
1108 1462 1196 1500 erat,
1222 1455 1436 1489 coniunctus
1464 1466 1537 1487 esse
1565 1454 1716 1488 videtur.

355 1521 403 1554 Ex
434 1520 634 1566 posteriore
668 1526 769 1567 parte
804 1519 955 1553 cuiusvis
989 1519 1119 1566 ganglii
1153 1517 1225 1551 duo
1262 1517 1359 1551 nervi
1405 1517 1497 1565 (Fig.
1525 1517 1553 1552 l.
1583 1520 1615 1551 ἵ).
1636 1518 1668 1553 (i.
1703 1518 1738 1551 T.
1767 1517 1822 1559 U.)
1861 1519 2035 1555 oriuntur.

255 1583 294 1615 ln
322 1582 389 1615 situ
418 1581 567 1614 naturali
595 1581 632 1615 hi
661 1582 759 1615 nervi
793 1594 812 1616 a
838 1582 1006 1616 musculis
1040 1580 1173 1628 pedum
1206 1580 1409 1613 minoribus
1445 1580 1596 1614 omnino
1634 1581 1850 1627 obteguntur
1882 1584 1923 1621 (v.
1954 1583 2034 1630 Fig.

254 1643 282 1678 J.
310 1641 357 1683 4.)
384 1655 474 1688 nec,
502 1643 569 1677 nisi
596 1643 633 1677 hi
663 1651 915 1689 removentur,
951 1644 988 1677 in
1017 1649 1249 1689 conspectum
1276 1642 1435 1676 reniunt.
1489 1642 1655 1675 Anterior
1682 1642 1812 1676 horum
1842 1656 2035 1678 nervorum

257 1711 290 1738 et
317 1705 467 1738 crassior
495 1705 586 1752 (Fig.
614 1705 736 1739 l.5.6.
758 1706 795 1739 Τ.
825 1706 906 1753 Fig.
918 1705 992 1740 IV.
1017 1705 1066 1745 T.)
1093 1716 1163 1737 una
1191 1716 1272 1737 cum
1301 1703 1462 1737 musculo
1490 1716 1599 1749 parvo
1628 1704 1664 1737 in
1691 1704 1822 1750 pedem
1849 1704 2037 1740 descendit

258 1778 324 1800 nec
353 1766 388 1799 in
417 1765 614 1800 abdomine
643 1767 720 1813 ipso
749 1779 867 1801 ramos
894 1767 1034 1800 emittit.
1100 1766 1139 1799 lu
1165 1764 1259 1811 pede
1287 1765 1392 1798 etiam
1422 1764 1519 1798 hunc
1553 1765 1752 1799 musculum
1780 1767 1966 1812 sequitur,
2001 1775 2036 1801 et,

257 1827 398 1873 duobus
422 1829 529 1862 ramis
550 1829 747 1863 maioribus
776 1829 868 1877 [sig.
898 1829 1028 1871 JI'.f.)
1054 1827 1099 1863 ad
1127 1827 1306 1861 musculos
1331 1826 1471 1860 medios
1498 1827 1604 1873 primi
1632 1827 1735 1873 pedis
1761 1829 1898 1862 articuli
1926 1830 2035 1863 cmis-

256 1889 313 1933 sis‚
342 1901 470 1923 nervus
499 1889 574 1936 ipse
602 1890 639 1924 in
665 1890 768 1937 pedis
795 1891 982 1924 articulum
1009 1888 1207 1923 secundum
1235 1888 1401 1935 procedit
1433 1895 1468 1922 et.
1494 1890 1650 1923 ramulos
1682 1891 1886 1936 complures
1914 1892 2035 1925 mino-

257 1962 312 1983 res
338 1949 504 1997 duosque
531 1953 686 1986 maiores
721 1951 820 1991 (ibid.
850 1953 895 1992 li.)
930 1951 1096 1986 musculis
1129 1950 1450 1997 longitudinalibus
1482 1950 1644 1996 tradens,
1676 1952 1847 1986 arcuatim
1876 1952 1921 1986 ad
1950 1966 2031 1987 eum

256 2011 374 2046 locum
402 2024 438 2046 se
467 2014 654 2058 convertit,
679 2026 752 2060 quo
781 2013 976 2048 branchiae
1004 2012 1088 2059 pedi
1116 2012 1240 2046 affixae
1267 2018 1366 2056 sunt,
1394 2018 1428 2045 et
1455 2013 1656 2058 complures
1683 2014 1839 2048 ramulos
1866 2015 2032 2060 parvulos

257 2080 290 2106 et
316 2075 544 2109 tenuissimos
579 2075 677 2116 (ibid.
706 2078 739 2113 i.)
776 2075 822 2109 ad
849 2075 1063 2120 branchias,
1105 2075 1299 2121 praecipue
1334 2080 1452 2108 autem
1491 2073 1536 2108 ad
1569 2075 1778 2109 branchiam
1812 2076 2029 2111 anteriorem

257 2134 396 2168 emittit.
423 2157 471 2163 —
504 2137 686 2171 Posterior
713 2137 855 2171 illorum
889 2149 1079 2171 nervorum
1116 2136 1295 2183 simulque
1324 2136 1486 2169 omnium
1515 2136 1731 2182 gracillimus
1758 2137 1850 2183 (Ft'g.
1869 2138 1896 2170 I.
1926 2141 1958 2171 5.
1986 2138 2029 2174 U.

258 2195 339 2243 Fig.
366 2196 437 2230 IV.
457 2197 526 2243 U),
555 2199 616 2245 qui
641 2211 755 2245 prope
782 2200 826 2232 ab
856 2199 915 2232 illo
939 2199 1051 2233 modo
1079 2198 1259 2245 descripto
1289 2210 1307 2232 e
1333 2198 1473 2245 ganglio
1507 2198 1639 2243 oritur,
1677 2199 1723 2232 ita
1751 2205 1788 2231 ut
1815 2198 1887 2232 duo
1918 2200 2030 2234 inter-

256 2256 342 2290 dum
370 2270 441 2292 uno
467 2272 506 2293 cx
531 2261 714 2294 communi
743 2267 870 2294 trunco
900 2261 1020 2294 venire
1049 2259 1255 2305 videantur,
1291 2260 1422 2306 partim
1459 2258 1504 2293 ad
1536 2259 1670 2306 pedum
1700 2261 1878 2294 musculos
1905 2262 1940 2295 in
1964 2263 2030 2296 ab-

256 2318 403 2352 ‹lomine
430 2320 536 2366 sitos,
561 2322 690 2368 partim
719 2321 764 2356 ad
792 2334 853 2356 eos
881 2323 916 2356 in
945 2322 1037 2369 pede
1064 2323 1142 2369 ipso
1169 2323 1255 2356 sitos
1283 2322 1450 2368 pertinet.
1502 2322 1696 2367 Marginem
1725 2322 1819 2355 enim
1848 2324 2028 2369 posterio-

255 2393 330 2413 rem
360 2388 545 2426 aperturae
569 2383 691 2429 pedis,
727 2384 762 2417 in
791 2391 912 2417 ventre
935 2385 1046 2429 sitae,
1077 2391 1250 2430 sequutus
1278 2384 1313 2417 in
1341 2395 1479 2417 ramum
1504 2383 1726 2428 superiorem
1756 2384 1852 2432 (Fig.
1880 2385 1906 2419 l.
1936 2387 1968 2418 5.
1997 2398 2025 2420 ι’,

255 2442 337 2490 Fig.
366 2441 437 2477 IV.
467 2446 507 2483 r.)
532 2450 566 2477 et
592 2445 797 2479 inferiorem
826 2444 925 2485 (ibid.
952 2449 992 2485 s.)
1021 2445 1180 2479 (inditur.
1231 2445 1402 2492 Superior
1426 2444 1491 2477 sub
1520 2444 1767 2479 membranam
1797 2445 2024 2480 iendinosam

256 2505 348 2552 (Εἰς.
360 2505 387 2538 Ι.
400 2505 463 2550 L.)‚
486 2518 578 2552 quae
602 2506 711 2551 pedes
738 2507 935 2554 coniungit,
957 2520 993 2541 se
1016 2508 1125 2542 ssectit
1149 2514 1183 2540 et
1209 2506 1254 2541 ad
1281 2506 1459 2540 musculos
1487 2504 1588 2551 pedis
1617 2518 1763 2553 magnos
1791 2508 1884 2555 (mg.
1901 2508 1928 2541 l.
1957 2508 2024 2549 H.)

256 2578 291 2600 se
314 2566 462 2610 confert,
488 2578 644 2611 quorum
671 2567 707 2600 in
732 2567 898 2602 fasciculo
925 2569 1110 2615 superiore
1138 2567 1230 2602 duos
1261 2568 1416 2602 ramulos
1451 2567 1593 2602 emittit,
1653 2569 1782 2603 Ramus
1813 2569 1962 2604 inferior
1988 2570 2026 2605 in

1659 2634 1679 2668 6
