2419 2972
1108 318 1355 356 -26-

358 418 466 452 latere
493 416 679 452 descendit
706 423 740 451 et
762 417 799 451 in
827 428 1058 451 communem
1086 417 1249 463 corporis
1274 423 1401 452 testam
1426 419 1562 454 transit.
1623 419 1696 454 Hac
1727 420 1833 466 igitur
1860 421 2127 455 constructione

358 491 417 513 vas
443 480 574 514 muniri
603 486 637 513 ct
662 480 824 526 sanguini
853 492 893 513 ex
921 479 1069 513 cavitate
1096 478 1407 525 cephalothoracis
1440 488 1475 515 et
1508 482 1552 515 ab
1588 482 1737 516 maxillis
1773 481 1818 516 ad
1849 495 1907 517 vas
1934 484 2021 517 scuti
2051 495 2128 517 me-

358 540 458 575 dium
485 542 540 575 via
565 541 694 588 aperiri
721 540 872 575 videtur.

455 617 483 652 §.
512 616 571 648 22.
624 614 826 662 Sanguinis
852 616 889 650 in
909 614 1065 663 pedibus
1089 626 1226 649 Cursus.
1255 635 1303 641 —
1336 614 1524 661 Sanguinis
1552 616 1588 649 in
1614 615 1769 662 pedibus
1793 616 1899 649 etiam
1925 628 2044 651 cursus
2072 617 2128 651 di-

358 676 523 723 ligentius
548 676 847 722 contemplandus
875 684 935 711 est.
990 677 1060 710 Iam
1090 675 1348 717 Schael'er*)
1376 675 1465 708 vasis
1492 675 1675 710 cuiusdam
1703 676 1762 710 lati
1784 677 2007 710 mentionem
2036 678 2128 723 facit,

359 737 461 784 quod
487 750 602 784 prope
629 750 734 784 supra
758 738 868 785 pedes
896 739 930 772 in
960 738 1129 772 lateribus
1156 738 1318 784 corporis
1342 736 1517 770 decurrat.
1569 738 1681 772 Facile
1706 738 1777 772 hoc
1805 738 1953 785 quidem
1982 740 2130 785 reperiri

358 806 494 846 potest,
534 812 606 833 non
635 807 752 834 autem
780 813 839 834 vas
872 801 1061 847 proprium
1099 800 1120 833 i.
1150 811 1179 832 e.
1215 811 1274 833 vas
1300 799 1495 845 parietibus
1527 799 1767 846 peculiaribus
1802 802 2032 845 instructum9
2068 800 2132 834 sed

359 862 488 895 cavitas
511 868 647 895 tantum
676 862 727 895 vel
758 862 888 896 canalis
915 861 1076 908 quidam„
1105 861 1196 894 inter
1224 861 1402 894 musculos
1426 861 1586 895 laterales
1614 867 1648 895 et
1674 867 1799 895 testam
1828 868 2006 895 externam
2035 863 2133 907 situs7

360 936 433 956 esse
461 924 550 957 mihi
578 924 728 958 videtur.
766 924 892 970 Incipit
921 924 980 957 hic
1009 923 1140 957 canalis
1168 922 1270 963 (Tah.
1291 922 1318 958 I.
1346 922 1641 971 FigXI'llJI.)
1667 935 1783 969 prope
1811 923 1974 957 ultimum
2000 923 2132 970 pedem

359 986 545 1032 utriusque
572 986 690 1019 lateris
718 993 750 1020 et
779 985 1025 1033 magnitudine
1059 985 1189 1019 sensim
1225 991 1347 1018 auctus
1381 997 1485 1031 supra
1513 984 1624 1031 pedes
1658 985 1694 1018 in
1725 984 1894 1018 lateribus
1928 984 2134 1018 abdominis

359 1046 397 1080 in
425 1046 603 1080 anteriora
632 1046 807 1093 procedit.
862 1046 1179 1093 Cephalotlioracis
1207 1047 1243 1080 in
1270 1053 1425 1092 utroque
1452 1046 1561 1079 latere
1589 1058 1631 1080 eo
1666 1046 1738 1080 sere
1775 1046 1855 1079 loco
1891 1044 2053 1078 desinere
2081 1045 2135 1078 vi—

359 1106 489 1153 detur,
521 1121 594 1154 quo
623 1109 764 1155 sanguis
792 1120 809 1142 a
834 1108 982 1142 maxillis
1016 1107 1060 1141 ad
1093 1114 1231 1141 scutum
1266 1106 1438 1142 ascendit.
1499 1107 1652 1153 Singulis
1686 1107 1892 1141 abdominis
1924 1106 1960 1140 in
1998 1106 2135 1140 annulis

359 1170 466 1215 paulo
495 1169 659 1203 dilatatus
687 1177 750 1215 est,
778 1170 863 1217 quia
887 1176 988 1204 motu
1016 1169 1150 1216 pedum
1179 1170 1268 1204 cutis
1295 1175 1438 1203 externa
1466 1169 1559 1203 inter
1586 1169 1742 1216 singulos
1769 1169 1921 1203 annulos
1940 1168 2135 1214 complica-

359 1237 427 1264 tur.
480 1231 698 1278 Plerumque
725 1231 846 1265 colore
874 1231 983 1265 rubro
1016 1231 1141 1264 ceteris
1168 1230 1330 1277 corporis
1364 1230 1526 1277 partibus
1557 1237 1711 1277 praestat
1746 1236 1780 1264 et
1814 1229 1965 1263 mortuis
1997 1230 2034 1263 in
2058 1229 2137 1263 ani-

360 1292 513 1326 malibus
547 1305 652 1339 saepe
688 1293 858 1339 sanguine
891 1293 1076 1339 coagulato
1112 1292 1268 1339 repletus
1303 1298 1364 1326 est.
1402 1310 1447 1318 —
1482 1293 1640 1327 Alterum
1675 1292 1836 1326 canalem
1876 1290 1979 1332 (Tab.
1999 1291 2026 1327 I.
2054 1291 2137 1339 Fig.

360 1354 493 1389 XVII.
507 1353 566 1395 G.)
594 1354 712 1401 specie
737 1361 879 1388 externa
905 1354 989 1388 huie
1017 1353 1197 1400 descripto
1225 1365 1370 1400 prorsus
1406 1354 1559 1388 similem
1594 1355 1630 1388 in
1659 1360 1760 1401 parte
1793 1353 1942 1387 ventrali
1973 1353 2137 1399 corporis

362 1416 427 1449 sul)
452 1415 606 1462 pedibus
631 1416 761 1462 reperi5
790 1416 852 1463 qui
879 1416 1050 1463 utrinque
1073 1422 1153 1463 post
1179 1416 1335 1449 maxillas
1361 1416 1488 1463 incipit
1516 1423 1549 1450 et
1576 1415 1620 1450 ad
1640 1423 1837 1449 extremum
1861 1426 1975 1461 usque
2005 1413 2135 1460 pedem

363 1477 533 1522 decurrit,
559 1484 634 1511 tum
663 1484 781 1512 autem
809 1477 955 1512 demum
985 1478 1020 1512 in
1048 1484 1282 1524 conspectum
1305 1478 1427 1523 venit7
1462 1478 1489 1512 si
1526 1490 1634 1512 coxae
1665 1476 1799 1524 pedum
1829 1476 1957 1510 fossam
1986 1476 2137 1509 alimen-

362 1539 489 1573 tariam
517 1539 552 1573 in
583 1546 702 1573 ventre
730 1547 990 1586 componentes
1022 1540 1244 1574 desecantur.
1284 1558 1333 1565 —
1368 1540 1406 1573 In
1442 1546 1569 1574 neutro
1606 1538 1753 1586 quidem
1791 1538 1922 1572 horum
1959 1537 2137 1571 canalium

363 1601 544 1648 sanguinis
568 1614 709 1635 cursum
737 1601 823 1635 vivis
859 1602 895 1636 in
927 1603 1142 1637 animalibus
1173 1601 1363 1636 observare
1395 1602 1495 1648 potui
1531 1608 1565 1635 et
1590 1607 1740 1648 propter
1765 1600 1871 1634 situm
1899 1600 2027 1633 harum
2055 1611 2138 1645 par-

362 1660 452 1693 tium
477 1661 656 1694 occultum
684 1668 718 1695 et
746 1668 894 1708 propter
918 1662 1130 1696 continuum
1158 1661 1292 1709 pedum
1320 1669 1459 1697 motum
1476 1689 1486 1708 ‚
1518 1669 1640 1697 tamen
1670 1675 1743 1696 non
1773 1661 1840 1695 falli
1866 1673 1923 1695 me
1950 1667 2038 1707 puto
2055 1687 2065 1705 7
2107 1659 2136 1693 si

362 1722 544 1768 sanguinis
570 1722 757 1756 circuitum
786 1723 857 1757 hoc
886 1723 997 1757 modo
1032 1724 1260 1770 interpretor.
1315 1723 1453 1759 Canalis
1486 1726 1551 1759 sub
1586 1725 1741 1772 pedibus
1772 1725 1809 1758 in
1836 1730 1958 1757 ventre
1985 1722 2070 1756 situs
2099 1734 2139 1755 ex

362 1796 405 1817 eo
433 1783 522 1828 rivo,
550 1784 611 1830 qui
639 1791 720 1830 post
747 1785 904 1819 maxillas
931 1785 967 1819 in
995 1786 1182 1820 cavitatem
1211 1786 1521 1832 cephalothoracis
1549 1794 1582 1820 ct
1609 1786 1653 1821 ad
1681 1793 1820 1821 scutum
1848 1783 2028 1828 ascendit,
2055 1795 2137 1817 san-

361 1844 506 1890 guinem
531 1845 694 1891 excipere
727 1851 761 1878 et
793 1845 830 1879 in
858 1858 1043 1892 quemque
1078 1846 1208 1892 pedem
1245 1848 1359 1881 rivum
1398 1849 1561 1882 emittere
1595 1848 1747 1882 videtur.
1813 1846 1990 1881 Omnibus
2020 1851 2139 1878 autem

363 1917 403 1938 ex
429 1904 582 1952 pedibus
609 1906 750 1954 sanguis
777 1907 814 1940 in
842 1907 1001 1941 canalem
1029 1908 1252 1953 superiorem
1281 1909 1318 1942 in
1346 1908 1453 1943 latere
1471 1909 1677 1944 abdominis
1703 1909 1808 1942 situm
1827 1906 1977 1941 confluit
2003 1912 2037 1940 et
2059 1917 2139 1940 ver-

360 1979 418 2000 sus
441 1966 780 2014 cephalothoracem
808 1969 1041 2015 propellitur,
1073 1969 1170 2004 unde
1206 1970 1334 2016 partim
1371 1983 1452 2005 cum
1488 1971 1597 2005 altero
1632 1971 1707 2004 rivo
1742 1971 1776 2004 in
1803 1968 2012 2003 branchiam
2040 1967 2142 2012 scuti,

364 2028 555 2063 maximam
587 2035 707 2063 autem
734 2036 872 2076 partem
900 2043 981 2065 cum
1009 2031 1119 2065 altero
1158 2031 1193 2065 in
1221 2032 1407 2066 cavitatem
1442 2032 1647 2067 abdominis
1679 2031 1884 2066 inferiorem
1918 2029 2055 2076 proripi
2083 2029 2136 2062 vi-

365 2089 478 2124 detur.
530 2090 570 2124 In
596 2089 751 2137 pedibus
778 2098 896 2125 autem
924 2092 1008 2139 ipsis
1035 2092 1188 2140 sanguiS,
1214 2100 1254 2127 ut
1276 2093 1362 2128 vivis
1391 2095 1429 2128 in
1455 2094 1669 2129 animalibus
1699 2093 1838 2140 saepius
1867 2090 2065 2135 observavi,
2094 2090 2143 2124 ita

366 2152 474 2186 currit
501 2150 604 2192 (Tab.
622 2151 668 2187 II.
693 2152 775 2199 Fig.
799 2153 929 2193 xlm.
994 2154 1150 2200 Margine
1179 2154 1215 2188 in
1242 2154 1409 2190 inferiore
1436 2167 1551 2202 prope
1583 2167 1602 2189 a
1625 2167 1714 2189 coxa
1741 2153 1881 2200 sanguis
1916 2151 2047 2198 pedem
2086 2151 2143 2185 in-

362 2219 431 2247 trat
457 2220 490 2247 et
520 2213 565 2248 ad
592 2214 730 2261 apicem
758 2226 872 2261 usque
899 2215 996 2249 hunc
1032 2227 1173 2250 cursum
1203 2218 1442 2263 persequitur.
1503 2217 1575 2251 Hac
1604 2223 1722 2251 autem
1756 2216 1811 2250 via
1841 2214 1935 2248 rivus
1969 2224 2140 2258 summus,

369 2274 456 2309 dum
484 2275 559 2321 ipse
585 2282 680 2310 recta
703 2275 894 2323 procedit,
927 2289 1110 2323 quemque
1146 2277 1183 2311 in
1218 2289 1427 2325 processum
1457 2277 1560 2325 pedis
1596 2278 1747 2312 rivulum
1781 2276 1958 2310 minorem
1989 2274 2144 2321 simplici

367 2334 546 2381 sanguinis
573 2335 867 2382 corpusculorum
891 2336 982 2370 serie
1017 2336 1181 2373 effectum
1210 2339 1363 2385 emittit,
1400 2353 1463 2388 qu.
1498 2352 1667 2388 processu
1706 2345 1848 2386 praeter
1883 2336 2080 2383 marginem
2109 2341 2144 2368 et

366 2396 576 2431 interiorem
610 2403 645 2430 et
673 2397 884 2434 exteriorem
912 2397 1143 2434 circumfluxo
1182 2400 1220 2436 in
1258 2401 1357 2436 illum
1383 2402 1501 2450 ipsum
1530 2402 1657 2437 refluit.
1709 2401 1794 2448 Quo
1820 2399 1932 2435 modo
1962 2398 1990 2432 si
2019 2408 2144 2432 omnes

423 2584 459 2623 ⁹⁶)
480 2584 498 2615 1.
522 2593 548 2615 c.
571 2593 598 2624 p.
622 2584 671 2615 76.
