2419 2972
1058 308 1276 344 ...9-

282 412 483 452 postremus
509 402 601 439 duos
629 404 665 438 in
691 416 810 439 ramos
837 402 1027 449 dividitur,
1063 411 1146 450 post
1179 404 1278 439 illum
1314 405 1391 452 ipso
1428 418 1469 441 ex
1494 407 1682 442 ventriculi
1710 409 1869 456 margine
1894 412 1982 451 orti,
2016 414 2050 447 in

282 467 456 501 exteriora
485 465 699 511 decurrunt,
732 473 771 502 ut
797 465 868 499 hoc
899 464 1010 499 modo
1039 477 1079 499 ex
1106 473 1258 513 utraque
1285 474 1386 513 parte
1414 470 1600 503 ventriculi
1630 477 1711 504 octo
1735 472 1917 515 ,eiusmodi
1945 485 2051 507 cana-

281 528 329 561 les
356 528 483 562 leniter
507 528 587 562 flexi
616 534 650 562 et
682 526 806 573 aequis
833 526 1025 560 intervallis
1052 527 1144 561 iuter
1171 540 1207 562 se
1235 527 1406 562 distantes
1441 529 1486 563 ad
1513 531 1711 578 marginem
1739 545 1853 579 usque
1881 535 2052 581 cephalo-

277 589 435 623 thoracis
460 590 674 636 pertiueant.
728 587 893 631 Quorum
922 588 1077 635 quisque
1109 589 1207 637 (Fig.
1228 590 1309 632 A‘l.)
1348 591 1468 624 multis
1502 592 1704 627 minoribus
1730 594 1911 629 canalibus
1938 598 2051 631 caecis

278 657 386 697 atque
414 652 552 685 arboris
578 652 686 684 instar
711 650 748 684 in
774 662 893 684 ramos
921 649 1042 684 divisis
1069 651 1206 685 obsitus
1233 659 1303 697 est,
1341 653 1404 699 qui
1441 654 1603 700 quamvis
1631 655 1740 702 magis
1767 656 1912 691 inferius
1940 671 2048 704 quam

279 714 441 760 superius
468 713 597 747 evoluti
625 719 745 746 tamen
773 718 807 745 et
833 712 987 746 maiores
1015 713 1155 747 canales
1191 721 1225 747 et
1252 721 1390 760 partem
1418 715 1602 748 ventriculi
1632 716 1849 750 anteriorem
1877 717 2050 765 obtegunt

278 778 320 815 (v.
348 775 432 823 Fig.
456 775 527 814 X).
581 774 620 807 In
648 773 816 808 inferiore
844 780 878 807 et
904 774 1105 820 posteriore
1138 782 1239 822 parte
1275 775 1494 823 appendices
1521 776 1670 823 quidem
1703 778 1835 812 similes
1860 779 2050 825 glandulo-

277 849 335 870 sae
362 835 618 880 inveniuntur,
656 834 719 869 sed
746 835 961 882 principales
996 835 1125 869 harum
1161 837 1300 870 canales
1333 837 1515 871 breviores
1551 837 1767 883 latioresque
1803 847 1883 874 sunt
1920 848 1953 875 et
1981 843 2048 888 ipsi

276 897 393 931 multis
419 896 537 930 modis
564 897 600 930 in
628 909 747 931 ramos
774 896 903 931 diffusi.
971 897 1008 931 ln
1036 905 1135 943 parte
1162 897 1322 944 denique
1349 899 1535 945 superiore
1563 905 1596 931 et
1623 901 1822 945 posteriorc
1848 904 2048 949 ventriculi,

274 970 366 1004 quae
392 957 447 992 his
474 959 700 1005 processibus
726 965 777 992 est
803 958 970 993 destituta
986 985 995 1001 ,
1021 959 1188 1006 glandula
1216 961 1312 1008 (Fig.
1327 961 1373 995 X.
1388 961 1441 997 B.)
1470 972 1489 994 a
1516 961 1641 994 ceteris
1665 960 1841 996 disiuncta
1868 966 2047 1012 conspici-

271 1027 352 1065 tur,
388 1032 480 1067 quae
508 1021 629 1054 colore
657 1020 832 1055 lucidiore
858 1028 1107 1069 structuraque
1134 1021 1302 1056 densiore
1337 1029 1388 1057 est
1411 1035 1452 1057 ac
1476 1035 1542 1069 per
1570 1023 1679 1056 latum
1709 1022 1856 1058 ductum
1885 1035 2047 1062 excreto-

270 1082 362 1116 rium
391 1081 491 1123 (ibid.
514 1081 558 1123 b.)
582 1083 620 1117 in
646 1083 881 1117 ventriculum
910 1083 991 1117 exit.

371 1144 504 1178 Revera
529 1144 597 1179 hae
625 1152 743 1192 partes
774 1144 962 1192 glandulae
997 1145 1155 1179 salivales
1190 1157 1264 1179 esse
1290 1145 1478 1191 videntur,
1512 1159 1594 1180 nam
1630 1148 1657 1181 si
1685 1147 1820 1182 nudato
1848 1151 2044 1186 ventriculo

269 1218 379 1240 manu
404 1213 639 1252 premuntur,
679 1207 848 1242 omnibus
883 1220 924 1241 ex
951 1207 1134 1242 canalibus
1158 1206 1377 1254 glandulosis
1403 1220 1528 1242 succus
1555 1208 1704 1255 quidam
1732 1210 1979 1256 copiosissime
2007 1214 2043 1248 iu

267 1268 505 1302 ventriculum
530 1268 736 1315 effunditur,
762 1269 823 1317 qui
839 1269 961 1303 colore
988 1268 1136 1316 quidem
1155 1268 1336 1316 pellucido
1361 1282 1447 1315 esse,
1473 1269 1536 1304 sed
1557 1271 1666 1304 multa
1688 1283 1796 1317 grana
1820 1272 1938 1307 albida
1954 1287 2042 1309 con-

267 1330 382 1364 tinere
410 1330 570 1376 videtur,
605 1337 640 1365 et
674 1331 711 1365 in
737 1343 869 1378 aquam
904 1331 1034 1366 effusus
1066 1331 1161 1365 hanc
1187 1331 1284 1365 nube
1311 1331 1431 1365 albida
1457 1333 1586 1366 turbat.
1641 1332 1764 1379 Quum
1797 1340 1831 1367 et
1855 1337 2041 1371 ventriculi

269 1398 304 1425 et
330 1391 488 1426 intestini
512 1393 723 1427 membrana
749 1393 793 1427 sit
819 1393 1039 1438 tenuissima,
1064 1393 1125 1427 hic
1149 1405 1274 1427 succus
1299 1393 1449 1427 salivalis
1472 1393 1566 1426 solus
1593 1392 1665 1427 fere
1692 1405 1766 1427 esse
1788 1393 1940 1441 videtur,
1966 1409 2039 1443 quo

267 1452 323 1487 his
349 1454 387 1489 in
414 1451 628 1488 animalibus
653 1454 803 1502 digestio
832 1453 1016 1488 efficiatur.

366 1516 442 1550 Uno
469 1522 608 1551 tantum
636 1517 673 1551 in
700 1517 845 1551 animali
868 1516 1057 1564 glandulae
1079 1518 1258 1563 salivales,
1291 1529 1384 1563 quae
1416 1517 1453 1551 in
1488 1517 1724 1551 ventriculum
1758 1518 1874 1565 ipsum
1908 1528 2038 1554 exemit

268 1582 303 1610 et
329 1588 410 1610 cum
437 1577 492 1611 his
520 1579 721 1625 comparari
749 1585 912 1625 possunt,
940 1578 1041 1626 quod
1067 1580 1155 1625 scio,
1180 1587 1343 1626 repertae
1370 1586 1461 1613 sunt.
1491 1580 1529 1613 lu
1557 1579 1703 1626 Argulo
1720 1579 1925 1623 jolz'czceo*)
1950 1594 2037 1616 ven—

264 1639 409 1673 triculus
436 1640 698 1687 appendicibus
723 1641 899 1676 similibus
926 1642 1117 1676 instructus
1145 1648 1208 1687 est,
1234 1640 1298 1675 scd
1323 1641 1395 1675 hoc
1422 1642 1458 1675 in
1485 1641 1629 1675 animali
1654 1641 1721 1674 hae
1750 1642 1968 1688 appendices
1997 1657 2037 1678 ex

263 1707 415 1748 utraque
442 1709 543 1748 parte
569 1703 689 1737 multis
716 1703 823 1737 ramis
849 1704 938 1737 scuti
970 1704 1007 1738 in
1040 1711 1158 1751 partes
1193 1704 1353 1738 laterales
1385 1702 1636 1737 diffunduntur
1673 1709 1707 1736 et
1742 1715 1847 1737 succo
1876 1705 2036 1750 quodam

265 1763 419 1797 obscuro
453 1765 609 1811 repletae
646 1772 749 1810 sunt,
781 1765 844 1812 qui
877 1765 987 1800 latum
1019 1778 1085 1812 per
1119 1766 1298 1800 orificium
1331 1766 1526 1800 effunditur
1563 1767 1679 1813 ipsum
1715 1767 1751 1800 in
1783 1767 2032 1801 ventriculum.

263 1822 428 1859 Ceterum
457 1826 494 1859 in
524 1826 744 1874 Cirripeaeliis
771 1839 920 1874 quoque
945 1827 1192 1874 glandularum
1219 1828 1415 1862 salivalium
1442 1828 1638 1862 ventriculo
1668 1828 1734 1875 ipsi
1761 1827 2034 1863 adhaerentium

262 1886 485 1921 mentionem
512 1888 596 1922 facit
622 1888 670 1922 lll.
700 1889 724 1922 Β
736 1901 826 1922 urm
839 1889 1052 1930 eister**).
1080 1908 1125 1913 --
1164 1890 1271 1936 Magis
1300 1889 1405 1923 etiam
1435 1890 1680 1923 memorabilis
1714 1890 1841 1924 harum
1877 1892 2033 1937 partium

262 1948 417 1982 evolutio
447 1955 510 1995 est,
537 1962 620 1984 nam
648 1962 689 1984 ex
717 1951 911 1985 ventriculo
935 1951 1039 1997 ipw,
1067 1951 1128 1998 qui
1157 1951 1195 1985 in
1222 1952 1436 1986 animalibus
1463 1951 1677 1985 iuvenilibus
1700 1951 1849 1998 simplex
1877 1960 1949 1993 est„
1976 1966 2033 1987 eas

261 2010 374 2044 evolvi
400 2010 491 2045 infra
514 2011 727 2046 videbimus.

356 2072 623 2108 Schaeferus
650 2075 862 2109 iuvenilibus
886 2075 921 2109 in
950 2075 1164 2110 animalibus
1192 2075 1341 2122 quidem
1366 2075 1429 2109 has
1455 2082 1572 2122 partes
1598 2076 1706 2122 vidit,
1746 2076 1809 2111 sed
1836 2090 1909 2111 non
1935 2078 2029 2111 benc

260 2132 511 2180 interpretatus
535 2143 607 2181 est3
635 2136 765 2171 mirum
794 2144 912 2171 autem
931 2136 1084 2183 videtur,
1111 2138 1208 2172 hunc
1235 2150 1402 2185 magnum
1431 2138 1666 2173 ventriculum
1682 2151 1753 2173 una
1769 2151 1848 2173 cum
1868 2139 2028 2185 partibus

259 2196 462 2231 accessoriis
489 2199 641 2232 omniuo
670 2198 830 2246 effugisse
860 2206 895 2233 et
922 2199 1099 2234 Gaedeu
1114 2212 1148 2233 m
1173 2206 1208 2233 et
1233 2199 1536 2233 Bertholdum.

356 2261 384 2297 §.
412 2259 445 2293 9.
496 2260 780 2296 Intestinwn.—
802 2261 1024 2295 Ventriculus
1050 2262 1180 2295 sensim
1209 2268 1407 2295 coarctatus
1435 2261 1471 2295 in
1499 2262 1705 2295 intestinum
1734 2262 1857 2295 transit
1884 2274 1926 2296 eo
1956 2262 2027 2296 fere

256 2320 362 2365 loco,
401 2332 474 2367 quo
508 2321 692 2356 abdomen
725 2322 1018 2369 ccpllalothoraci
1055 2322 1264 2357 adiunctum
1297 2330 1359 2357 est.
1412 2323 1620 2357 Intestinum
1649 2323 1758 2356 latum
1793 2330 1844 2358 est
1870 2331 1904 2359 et
1930 2331 2025 2359 recta

316 2465 350 2501 ἒ)
375 2463 512 2492 Iurine
535 2463 675 2494 Memoire
703 2474 754 2495 sur
775 2465 905 2505 l'Argule.
929 2464 1046 2495 l'oliace.
1082 2483 1121 2487 —
1151 2464 1283 2494 Annales
1314 2464 1351 2494 du
1381 2465 1513 2494 Museuin
1549 2464 1700 2495 ‹l'lnistoire
1721 2466 1874 2496 nature-lle.
1908 2465 1938 2494 T.
1962 2465 2021 2497 vll.

398 2541 404 2547 .
421 2517 492 2547 44¹0.
512 2518 571 2547 tal).
587 2518 634 2548 96.

293 2573 349 2609 Η)
373 2527 510 2612 guin-age
534 2572 869 2612 zu1·Naturgeschicl1te
896 2573 950 2603 der
971 2573 1212 2604 Rankenffisslcr.
1236 2573 1314 2603 Berl.
1340 2570 1428 2602 1554.
1450 2580 1478 2611 p.
1494 2572 1544 2604 33.

1653 2632 1675 2664 (0
