2419 2972
812 524 1155 554 Sensuum
1217 530 1500 563 organa.

954 610 1008 634 Tab.
1032 610 1065 634 11.
1095 610 1148 642 1⁴79.
1170 609 1366 634 XIX—XXII.

372 724 400 759 §.
429 719 487 755 34.
540 719 578 754 ln
605 718 731 766 Apode
757 719 853 753 solus
879 718 1025 753 videndi
1053 730 1175 752 sensus
1210 719 1351 765 organis
1386 719 1542 766 propriis
1579 720 1767 755 instructus
1794 733 1868 755 esse
1897 720 2044 755 videtur.

273 782 358 817 Nam
387 793 453 816 nec
479 787 655 815 antennae
680 793 746 815 nec
773 781 870 828 palpi
897 779 1027 815 adultis
1054 780 1090 813 in
1117 781 1331 814 animalibus
1357 781 1596 827 reperiuntur.
1635 782 1765 816 Partim
1791 789 1909 816 autem
1938 795 2046 817 coxae

272 842 408 890 pedum
435 841 742 887 abdominabum,
766 854 858 889 quae
887 842 925 876 in
948 842 1043 876 linea
1072 841 1204 875 ventris
1226 841 1393 875 mediana
1421 841 1572 887 fossam,
1610 855 1680 888 qua
1708 844 1760 876 ori
1788 843 1956 879 alimenta
1983 857 2048 890 ap-

274 911 473 951 portantur,
497 911 736 951 componunt9
759 904 805 938 ad
831 904 1010 951 tangenda
1039 910 1073 937 ct
1099 901 1262 949 eligenda
1288 902 1455 936 alimenta
1482 902 1647 936 adhiberi
1668 902 1855 948 videntur,
1880 916 1963 938 nam
1991 905 2047 937 iu-

274 966 449 1000 venilibus
476 966 512 999 in
540 966 754 1000 animalibus
787 965 1021 1000 mandibulae
1057 965 1284 1011 processibus
1310 965 1501 1010 palporum
1537 964 1712 998 similibus
1740 965 1929 999 instructae
1955 973 2048 1011 sunt,

272 1038 378 1072 quae,
404 1027 552 1061 simulac
579 1027 689 1074 pedes
715 1027 965 1061 abdominales
992 1027 1216 1071 evolvuntur,
1242 1025 1455 1059 decrescunt
1481 1032 1589 1072 atque
1617 1033 1842 1060 evanescunt.
1871 1044 1915 1051 —
1935 1026 2045 1070 Quod

271 1096 391 1123 autem
419 1088 464 1122 ad
491 1089 583 1123 visus
611 1102 743 1136 organa
770 1088 906 1136 Apodis
933 1089 1079 1133 attinet,
1106 1088 1214 1122 trium
1242 1088 1398 1134 partium
1424 1087 1494 1121 hoc
1520 1088 1601 1121 loco
1629 1088 1766 1121 mentio
1795 1086 1957 1121 facienda
1985 1094 2048 1132 est,

272 1151 430 1198 primum
464 1151 651 1184 oculorum
688 1150 843 1185 duorum
884 1151 1194 1198 compositorum,
1227 1155 1304 1182 tum
1342 1148 1462 1193 oculi,
1497 1148 1559 1195 qui
1597 1149 1809 1182 iuvenilibus
1835 1148 2050 1182 animalibus

271 1213 439 1259 proprius
467 1214 502 1246 in
530 1213 658 1247 adultis
684 1213 858 1248 decrescit
884 1220 919 1247 et
945 1219 1206 1256 commutatur,
1252 1209 1410 1257 denique
1437 1211 1547 1257 partis
1574 1211 1684 1256 iltius,
1712 1222 1804 1257 quae
1827 1210 1930 1256 vulgo
1960 1222 2047 1243 ocu-

274 1276 326 1309 lus
352 1275 501 1321 simplex
529 1276 748 1310 nominatur.

370 1340 399 1376 §.
426 1339 484 1371 35.
540 1336 649 1372 Oculi
674 1339 875 1385 compositi.
909 1357 954 1361 --
991 1339 1102 1372 Primi
1130 1338 1167 1372 in
1195 1342 1429 1383 conspectum
1456 1335 1604 1369 veniunt
1630 1334 1723 1368 oculi
1748 1334 1867 1380 magni
1895 1346 2048 1380 compo-

273 1398 328 1431 siti
356 1396 526 1438 (Tab.II.
553 1398 636 1446 Fig.
655 1398 702 1434 X.
717 1398 793 1445 0.),
827 1399 889 1446 qui
923 1398 1043 1433 media
1077 1399 1114 1432 in
1150 1407 1250 1446 parte
1285 1398 1463 1433 anteriore
1499 1397 1705 1431 semilunari
1737 1397 2049 1444 cephalothoracis

273 1460 328 1494 siti
357 1467 457 1506 sunt3
485 1467 520 1494 et
546 1460 584 1495 in
611 1460 652 1494 iis
668 1460 915 1495 describendis
937 1461 1035 1495 nervi
1061 1461 1185 1508 optici9
1209 1461 1292 1495 coni
1306 1460 1422 1504 vitrei,
1448 1459 1671 1506 pigmentum
1697 1465 1731 1492 et
1755 1471 1887 1493 cornea
1914 1457 2048 1492 discer-

274 1521 393 1556 nenda
421 1529 512 1556 sunt.
564 1522 667 1557 Nervi
696 1523 806 1569 optici
843 1523 936 1571 (Fig.
959 1522 1274 1564 A‘IJY-XA'IJL)
1309 1534 1349 1555 ex
1376 1520 1510 1567 angulis
1537 1520 1782 1566 superioribus
1809 1520 1947 1554 cerebri
1975 1521 2048 1553 ori-

272 1591 382 1618 untur
411 1591 446 1618 et
472 1585 564 1618 inter
592 1597 718 1618 omnes
754 1597 882 1619 nervos
917 1586 1114 1619 cerebrales
1147 1584 1328 1619 fortissimi
1365 1589 1457 1617 sunt.
1519 1582 1676 1628 Oblique
1716 1582 1752 1615 in
1789 1582 1988 1628 posteriora
2016 1589 2049 1615 et

272 1646 469 1693 superiora,
494 1646 678 1692 paululum
706 1646 751 1680 ad
774 1647 882 1681 latere
909 1647 1117 1681 recedentes
1144 1646 1339 1681 ascendunt
1357 1652 1402 1690 οἵ,
1428 1658 1543 1692 prope
1570 1644 1613 1678 ab
1642 1644 1780 1690 origine
1805 1644 2049 1677 intumescen-

273 1707 323 1741 tia
351 1705 507 1753 quadam
532 1718 640 1753 parva
667 1707 889 1752 composita,
923 1708 1040 1741 statim
1068 1708 1218 1741 bulbum
1252 1707 1346 1740 oculi
1372 1707 1558 1752 utriusque
1595 1703 1694 1745 (ibid.
1721 1703 1769 1746 b.)
1811 1710 2050 1750 componunt,

274 1767 337 1814 qui
365 1767 598 1802 crassitudine
635 1780 781 1802 nervum
812 1768 890 1813 plus
917 1780 1024 1813 quam
1061 1768 1172 1815 duplo
1201 1775 1354 1815 superat.
1416 1768 1462 1801 Ex
1498 1780 1540 1800 eo
1576 1766 1851 1800 innumerabilia
1885 1766 2049 1799 oriuntur

272 1829 454 1864 filamenta
482 1843 634 1875 nervea„
661 1843 752 1877 quae
781 1829 826 1864 ad
853 1830 1006 1876 singulas
1035 1831 1127 1864 oculi
1153 1838 1272 1877 partes
1297 1830 1502 1877 pertinent,
1537 1836 1569 1862 et
1596 1835 1746 1875 propter
1774 1829 1960 1861 oculorum
1990 1840 2050 1860 ee-

274 1891 445 1938 rebrique
469 1892 574 1928 situm
606 1893 815 1939 obliquum5
846 1892 945 1926 cuius
974 1892 1043 1926 iam
1072 1894 1295 1926 mentionem
1324 1892 1471 1926 fecimus
1496 1891 1552 1934 (cf.
1581 1891 1662 1939 Fig.
1681 1891 1796 1925 XIX.)
1826 1889 2047 1937 longitudine

273 1953 321 1987 ita
349 1954 441 1988 inter
463 1965 499 1987 se
527 1953 750 2000 discrepant,
789 1960 828 1987 ut
854 1954 1071 2000 posteriores
1103 1955 1183 2002 plus
1220 1966 1327 2001 quam
1357 1953 1467 2000 duplo
1495 1952 1734 1986 anterioribus
1760 1952 1830 1985 sint
1856 1951 2046 1997 longiores.

271 2013 444 2048 Videntur
468 2027 616 2062 qnoque
644 2015 832 2048 interiores
860 2015 1095 2050 exterioribus
1121 2018 1304 2051 tenuiores
1328 2028 1367 2050 ac
1393 2016 1596 2062 graciliores
1615 2027 1700 2048 esse.
1717 2035 1754 2041 —-
1777 2013 1914 2060 Cuique
1937 2025 2046 2046 nervo

272 2076 468 2122 respondet
494 2089 586 2110 unus
613 2089 724 2111 conus
753 2077 892 2111 vitreus.
946 2077 1038 2111 Haec
1065 2091 1217 2125 corpora
1246 2078 1340 2125 (Fig.
1357 2076 1568 2117 XXJVT3.)
1608 2077 1734 2110 conica
1762 2083 1821 2110 aut
1846 2075 2046 2122 piril‘ormia

271 2143 365 2181 sunt,
393 2138 614 2172 extremitate
640 2138 748 2172 altera
776 2139 812 2172 in
836 2139 976 2186 apicem
1004 2141 1171 2173 obtusum
1201 2146 1371 2183 exeunte,
1407 2138 1515 2172 altera
1550 2138 1740 2171 incrassata
1774 2150 1814 2170 ac
1842 2135 2044 2170 rotunda'ta.

272 2199 322 2232 Ac
347 2199 534 2246 longitudo
566 2213 692 2234 eorum
729 2213 809 2235 cum
844 2201 1032 2235 latitudine
1061 2208 1290 2247 comparata,
1325 2202 1353 2234 si
1386 2200 1512 2234 cadem
1543 2212 1696 2246 corpora
1724 2199 1873 2232 aliorum
1903 2197 2045 2231 Crusta-

272 2273 419 2295 ceorum
447 2269 481 2296 et
505 2263 725 2297 Insectorum
754 2263 975 2309 respicimus,
1000 2263 1101 2297 valde
1129 2275 1235 2309 parva
1263 2274 1337 2296 esse
1362 2261 1515 2306 videtur,
1540 2260 1728 2307 longitudo
1757 2260 1851 2293 enim
1881 2259 1951 2292 sere
1978 2259 2044 2292 tri-

272 2323 332 2369 plo
361 2329 497 2357 tantum
524 2325 716 2358 maximam
744 2325 969 2358 latitudinem
997 2332 1150 2371 superat.
1192 2325 1233 2358 Et
1258 2337 1339 2370 pars
1366 2324 1497 2357 horum
1522 2334 1714 2368 corporum
1745 2321 1892 2354 inferior
1911 2328 1944 2354 ct
1962 2333 2044 2354 ner—

272 2395 396 2416 vorum
423 2385 660 2419 extremitates
685 2386 870 2432 pigmento
899 2387 1062 2419 caeruleo
1091 2384 1332 2419 circumdatae
1357 2392 1458 2429 sunt3
1489 2396 1561 2418 uon
1589 2389 1706 2416 autem
1735 2383 1904 2428 amplius5
1934 2394 2042 2428 quani

272 2443 317 2477 ad
345 2456 426 2478 euin
454 2457 567 2491 usque
594 2446 713 2481 locum
743 2459 918 2481 conorum
952 2448 1148 2481 vitreorum
1184 2446 1255 2480 hoc
1289 2447 1465 2492 pertinet7
1499 2457 1573 2490 quo
1598 2444 1635 2478 hi
1663 2451 1745 2478 sunt
1781 2443 1957 2487 latissimi,
1995 2443 2042 2476 ita

270 2512 309 2540 ut
337 2507 618 2541 extremitatibus
643 2508 843 2543 rotundatis
875 2521 893 2542 e
921 2509 1105 2555 pigmento
1137 2508 1319 2542 emineant
1352 2507 1443 2554 ,⁸Fig.
1462 2506 1584 2539 XXII
1595 2506 1613 2540 v.
1635 2510 1664 2539 1.
1695 2506 1755 2545 b.).
1814 2504 1947 2538 Tamen
1975 2504 2042 2539 hae

273 2579 421 2614 quoque
449 2579 574 2602 eorum
603 2570 840 2604 extremitates
867 2570 911 2605 ab
940 2570 1108 2604 omnibus
1133 2570 1292 2616 partibus
1326 2580 1439 2602 massa
1472 2567 1628 2614 quadam
1664 2567 1809 2614 propria
1841 2566 2043 2601 circumda-
