2419 2972
1028 322 1274 356 ..11-

265 426 364 454 turae
391 417 496 452 etiam
525 417 707 452 minorum
733 427 964 464 processuum
992 415 1087 450 bene
1114 417 1275 463 conspici
1306 424 1528 464 potue1·unt‚'
1564 417 1698 452 inveni.
1754 418 1919 455 Ceterum
1948 435 2033 455 num

267 480 424 516 intestini
450 480 662 514 membrana
688 490 830 525 semper
856 476 986 511 eodem
1013 484 1179 525 tempore
1206 486 1420 525 renovetur,
1447 493 1520 527 quo
1551 487 1694 515 externa
1718 489 1806 516 insta
1834 491 2036 518 commuta-

263 550 332 587 ων,
360 549 455 577 certe
481 541 601 575 dicere
629 553 702 575 non
728 551 886 586 possum.
939 539 976 573 111
1001 539 1215 574 animalibus
1241 541 1475 586 iuvenilibus,
1514 549 1553 576 ut
1580 543 1616 577 in
1644 543 1793 579 historia
1822 546 2037 580 evolutionis·

264 603 583 648 demonstrabitur,
609 614 663 636 res
687 601 735 635 ita
757 612 794 634 se
821 601 956 635 habere
981 601 1136 647 videtur,
1169 602 1204 636 in
1232 602 1360 636 adultis
1396 611 1514 637 autem
1551 618 1625 639 non
1649 618 1791 653 semper
1818 606 1909 642 duae
1935 621 2036 642 coni—

263 667 479 700 mutationes
505 663 697 699 convenire
723 661 902 708 videntur,
928 675 1010 697 nam
1036 663 1216 697 interdum
1246 665 1452 698 intestinum
1480 666 1549 699 iam
1577 668 1788 702 membrana
1815 670 1948 703 recenti
1977 683 2037 704 xe-

262 729 383 762 stitum
412 726 540 774 reperi,
568 737 679 771 quum
704 731 849 759 externa
874 731 963 759 testa
985 724 1232 760 demonstrare
1255 726 1447 772 videretur,
1468 728 1721 763 animaleulum
1742 730 1786 764 ab
1808 730 1914 765 huius
1937 744 2037 766 com-

267 790 465 824 mutatione
491 787 574 821 satis
599 786 705 834 longe
732 787 865 821 abesse.

361 851 421 884 His
448 849 739 883 membranarum
766 849 1111 884 commutationibus
1138 856 1249 884 totam
1279 862 1344 896 per
1370 850 1476 883 vitam
1506 850 1687 896 repetitis,
1720 860 1895 899 perpetuo
1924 855 2038 888 forma

263 924 411 961 quoque
437 911 624 945 ventriculi
650 917 903 956 commutatur,
927 924 1011 945 nam
1039 924 1114 946 non
1140 912 1255 945 solum
1280 911 1527 958 magnitudine
1554 919 1713 959 augetur,
1739 913 1801 946 sed
1828 914 1909 948 novi
1931 916 2035 949 etiam

262 986 447 1021 processus
478 972 678 1020 glandulosi
710 973 872 1006 existunt.
925 973 963 1006 In
990 972 1102 1020 figura
1127 973 1233 1008 XIII.
1266 973 1429 1007 videmus
1462 974 1697 1008 ventriculum
1728 976 1890 1009 animalis
1921 978 2038 1011 cuius-

263 1035 359 1080 dam,
387 1034 489 1082 quod
514 1034 778 1081 longitudinem
804 1034 910 1068 unius
936 1035 1076 1081 pollicis
1104 1047 1178 1068 non
1202 1035 1400 1081 superavit,
1436 1041 1471 1069 et
1504 1048 1543 1069 ex
1570 1043 1722 1082 utraque
1751 1043 1851 1083 parte
1879 1037 1952 1071 eius
1982 1051 2037 1072 sex

264 1098 402 1132 canales
429 1097 584 1132 maiores
611 1096 894 1144 conspiciuntur.
948 1095 1020 1141 Qui
1043 1097 1071 1130 si
1099 1108 1179 1130 eum
1205 1096 1403 1131 ventriculo
1431 1097 1594 1131 animalis
1621 1099 1732 1145 magis
1759 1098 1890 1144 adulti,
1923 1100 2040 1147 longi-

261 1159 387 1194 tudine
411 1158 567 1194 duorum
593 1159 765 1207 pollicum
789 1159 971 1208 (Fig.X.),
999 1164 1240 1205 comparatur,
1264 1158 1364 1191 facile
1388 1158 1617 1205 intelligitur,
1645 1160 1682 1193 in
1711 1160 1771 1195 illo
1798 1161 1868 1195 iam
1894 1161 2039 1208 vestigia

263 1235 388 1258 corum
415 1234 648 1270 processuum
674 1222 837 1269 reperiri,
864 1221 926 1269 qui
953 1227 1035 1255 sunt
1059 1220 1215 1268 perfecte
1242 1219 1373 1253 evoluti
1401 1220 1473 1254 hoe
1500 1220 1537 1254 in
1567 1221 1723 1256 animali.

690 1475 1017 1513 systema
1060 1473 1623 1512 respirationis.

877 1621 933 1646 Ταὶι.
950 1621 985 1646 ΙΙ.
1010 1621 1054 1654 Fiq
1078 1620 1177 1646 1fi111.
1202 1621 1232 1645 X.
1253 1620 1316 1644 XII.
1340 1620 1416 1646 XIII.

363 1719 392 1754 §.
423 1718 478 1748 11.
530 1713 718 1748 Branchia
745 1723 879 1759 magna
906 1711 1145 1752 semiformis.
1184 1732 1228 1735 —
1268 1709 1524 1743 Branchiarum
1560 1715 1683 1743 nostro
1719 1709 1754 1742 in
1791 1708 1935 1742 animali
1975 1715 2044 1743 tros»

265 1775 424 1811 diversae
451 1776 586 1809 formae
611 1774 852 1808 inveniuntur.
904 1772 1064 1806 Primum
1094 1771 1190 1804 enim
1218 1783 1385 1817 magnum
1415 1770 1501 1805 illud
1528 1777 1690 1816 scutum,
1723 1770 1824 1817 quod
1850 1771 2042 1805 maximam

267 1839 429 1885 corporis
456 1844 594 1884 partein
622 1836 769 1882 obtegit,
797 1833 886 1868 nihil
913 1840 965 1867 est
991 1833 1056 1867 nisi
1076 1831 1261 1876 branchia„
1290 1838 1324 1865 et
1348 1832 1417 1865 iam
1446 1844 1465 1865 a
1489 1831 1665 1865 Guaedeo
1695 1838 1729 1865 et
1756 1844 1775 1865 a
1796 1831 2042 1866 Bertholdo

266 1908 361 1935 recte
390 1900 572 1947 cognitum
601 1905 662 1932 est.
715 1898 838 1943 ltaque
864 1896 1028 1930 universe
1053 1895 1127 1929 eius
1150 1900 1323 1927 structura
1351 1894 1444 1927 bene
1469 1892 1649 1939 descripta
1677 1900 1738 1927 est.
1793 1892 2042 1940 Compositum

269 1967 365 2000 enim
394 1971 445 1999 est
473 1963 585 1997 tribus
612 1968 694 2006 aut,
729 1967 768 1994 ut
791 1959 908 1993 verius
931 1957 1070 2000 dicam,
1105 1955 1244 1990 duabus
1276 1955 1422 1989 diversis
1457 1955 1628 2001 partibus.
1694 1955 1843 1989 Interior
1880 1968 1898 1989 e
1930 1968 2042 1989 massa

268 2027 424 2073 quadam
451 2025 572 2069 molli,
605 2022 795 2070 spongiosa
823 2027 858 2054 et
883 2018 1049 2053 cellulosa
1075 2023 1231 2062 constat,
1258 2016 1441 2050 branchiis
1467 2017 1661 2062 peculiari5
1690 2030 1783 2064 quae
1815 2017 2039 2064 superficiem

266 2089 475 2123 maculatam
506 2092 786 2133 puuctatanique
814 2082 973 2129 praebet.
1026 2080 1120 2113 Ilaec
1147 2091 1259 2112 massa
1287 2078 1379 2125 i-Fig.
1401 2078 1428 2112 I.
1456 2078 1535 2124 Fig.
1548 2079 1597 2114 II.
1617 2078 1661 2120 b.)
1688 2080 1857 2114 laminam
1882 2086 2041 2113 teneram

269 2150 451 2185 constituit
487 2155 602 2182 totum
640 2159 705 2193 per
730 2151 868 2179 scutum
903 2149 1082 2177 extensam
1118 2147 1152 2174 et
1186 2141 1251 2187 ipsi
1287 2140 1457 2174 anteriori
1495 2142 1585 2187 pai-ti
1622 2141 1949 2188 cephalothoracis5
1986 2141 2042 2174 cui

269 2213 356 2247 scuti
383 2219 500 2258 partes
522 2209 680 2244 laterales
703 2207 893 2241 adiunctae
919 2210 1017 2249 sunt,
1057 2203 1336 2247 cohaerentem3
1365 2215 1448 2236 nam
1477 2203 1567 2237 hacc
1593 2216 1696 2250 pars,
1731 2215 1822 2249 quae
1850 2203 2042 2249 praecipuv

269 2273 463 2309 ventriculo
491 2279 526 2306 et
548 2269 809 2318 appendicibus
835 2267 910 2301 eius
935 2264 1150 2312 glandulosis
1183 2264 1359 2310 repletur7
1393 2271 1503 2298 strato
1532 2266 1728 2299 tenerrimo
1758 2263 1918 2297 eiusdem
1948 2276 2043 2297 mas-

269 2349 327 2371 sae
353 2335 472 2369 vestiri
497 2333 662 2378 videtur3
699 2337 733 2365 et
760 2329 797 2364 id
821 2341 862 2363 eo
891 2327 1002 2374 magis
1029 2333 1080 2360 est
1105 2326 1316 2371 verisimile,
1343 2325 1444 2372 quod
1470 2339 1582 2373 *supra
1612 2326 1675 2360 lias
1710 2332 1852 2373 partes,
1887 2332 1927 2360 ut
1954 2326 2042 2359 insi-a

267 2397 488 2440 videbimus,
523 2394 662 2441 sanguis
694 2391 799 2426 simili
827 2389 987 2437 quodam
1015 2387 1146 2432 modo,
1184 2400 1224 2421 ac
1251 2388 1287 2421 in
1315 2394 1414 2422 scuto
1451 2388 1527 2434 ipso
1563 2387 1681 2421 currit.
1724 2408 1769 2413 ——-
1805 2388 1921 2421 Altera
1948 2399 2041 2433 pam,

269 2472 341 2507 qua
364 2465 501 2493 scutum
530 2462 581 2490 est
608 2454 864 2502 compositum,
891 2451 980 2485 cutis
1007 2450 1169 2496 corporis
1197 2456 1340 2484 externa
1368 2456 1431 2494 est,
1456 2461 1547 2495 quae
1576 2449 1670 2482 illam
1694 2462 1844 2483 massam
1874 2461 1913 2482 ex
1944 2455 2041 2482 utra-=

270 2535 341 2569 que
367 2527 468 2569 parte
493 2518 618 2562 vestit,
651 2516 788 2551 diversa
816 2520 933 2549 autem
962 2517 1087 2546 natura
1115 2510 1258 2544 inferius
1285 2517 1319 2544 et
1344 2509 1506 2556 superius
1541 2515 1602 2543 est.
1664 2509 1704 2544 In
1730 2510 1913 2557 superiore
1942 2509 2039 2543 enim

272 2591 372 2631 parte
397 2588 522 2617 testam
548 2577 656 2613 efficit
689 2572 908 2625 <F1·g.II.a.)
942 2573 1075 2608 fuscam
1104 2578 1138 2606 et
1165 2572 1382 2615 coriaceam,
1422 2582 1514 2617 quae
1550 2571 1647 2605 nullo
1683 2571 1794 2606 modo
1823 2584 1843 2606 a
1868 2579 1956 2607 testa
1985 2583 2043 2606 co-
