2419 2972
1064 314 1283 350 —7—

297 415 376 447 loco
404 412 542 458 positae
577 413 613 446 in
640 412 863 459 superiorem
894 408 1092 445 ascendunt
1126 417 1161 444 et
1194 409 1320 444 harum
1354 410 1510 456 partium
1539 408 1786 443 coniunctioni
1814 406 1984 454 prodesse
2013 409 2062 442 ri-

296 474 436 508 dentur.
1727 505 1732 512 ι

394 538 423 574 §.
449 538 482 569 5.
535 533 698 569 Illusculi
717 531 862 581 pedum.
886 550 924 556 -
945 531 1058 578 Supra
1086 531 1156 565 iam
1184 530 1351 575 diximus,
1378 543 1419 564 ex
1446 530 1642 565 abdomine
1665 530 1756 565 duos
1783 531 1965 565 fasciculos
1991 530 2063 564 sor-

295 597 451 631 tissimos
477 595 625 637 (Tabd.
643 595 724 642 Ft‘g.
745 593 813 629 III.
829 593 890 635 Il.)
919 605 990 627 non
1018 593 1145 640 procul
1172 605 1192 627 a
1215 593 1374 638 margine
1401 593 1585 638 superiore
1612 593 1647 627 in
1674 592 1805 640 pedem
1834 591 2062 636 descendere,

297 658 360 704 qui
390 658 466 704 ipso
493 658 528 691 in
554 655 646 702 pede
673 667 738 701 per
763 654 920 701 primum
949 653 1024 687 eius
1050 654 1237 689 articulum
1266 653 1417 688 eandem
1446 653 1681 688 directionem
1709 654 1874 688 retinent.
1927 653 2062 687 Eodem

297 719 409 754 modo
436 720 483 754 illi
511 717 584 752 duo
613 717 766 751 fasciculi
795 717 893 763 parvi
927 728 1032 763 supra
1060 717 1130 750 iarn
1156 715 1325 762 descripti
1366 715 1465 755 (ibid.
1491 716 1535 755 J.)
1569 723 1709 761 praeter
1742 716 1947 750 inferiorem
1971 727 2065 749 mar-

296 783 417 828 ginem
447 779 647 827 procedunt
675 785 709 813 et
735 778 900 814 radiatim
929 779 1072 825 expansi
1101 778 1219 825 primo
1256 778 1292 812 in
1319 777 1468 811 articulo
1498 776 1601 824 pedis
1635 783 1742 811 testae
1775 784 1940 811 externae
1972 777 2066 810 inse-

299 851 433 878 runtur.
486 842 580 876 Inter
605 842 673 876 hos
717 842 775 876 alii
804 840 952 888 quidam
982 841 1130 875 musculi
1159 839 1259 881 (ibid.
1288 839 1345 878 K.)
1373 840 1429 873 siti
1456 845 1550 883 sunt,
1577 838 1640 885 qui
1666 839 1731 872 sub
1760 839 1926 873 musculis
1950 838 2067 884 longi-

297 905 517 941 tudinalibus
544 906 675 940 ventris
702 905 738 939 in
764 910 972 951 tegrunento
1002 902 1106 950 pedis
1133 915 1267 937 corneo
1295 902 1458 935 oriuntur
1485 907 1519 934 et
1543 900 1579 934 in
1605 899 1763 934 secundo
1792 900 1892 946 pedis
1919 899 2066 934 articulo

298 970 344 1003 ita
371 967 484 1002 dividi
513 968 548 1001 in
575 966 666 1001 duos
691 967 876 1001 fasciculos
902 965 1091 1010 videniur„
1126 971 1164 998 ut
1198 964 1285 998 alter
1316 962 1420 1008 (ibid.
1449 962 1499 1003 L.)
1533 961 1578 996 ad
1605 962 1814 996 branchiam
1843 961 2066 1005 exteriorem,

297 1031 384 1064 alter
410 1029 456 1064 ad
482 1041 689 1076 processum
715 1027 912 1062 secundum
940 1026 1043 1074 pedis
1067 1026 1393 1074 (spadelaehnlichc
1405 1025 1522 1071 Spitze
1540 1024 1729 1064 Schaes.)
1758 1023 1932 1058 decurrat.
1958 1024 2068 1057 Bran-

297 1093 378 1126 chia
403 1099 543 1138 praeter
568 1092 665 1125 hunc
690 1091 888 1125 musculum
912 1090 1023 1124 altero
1051 1090 1095 1123 ab
1123 1089 1225 1135 apice
1253 1086 1354 1134 pedis
1381 1086 1622 1121 descendente
1650 1086 1844 1120 instruitur.
1883 1085 2069 1119 Praeterea

299 1154 335 1187 in
360 1153 462 1200 pedis
485 1153 663 1187 anteriore
690 1159 790 1199 parte
818 1152 1021 1199 complures
1047 1151 1202 1185 fasciculi
1230 1148 1506 1196 longitudinales
1535 1148 1785 1192 inveniuntur,
1821 1147 1882 1193 qui
1911 1146 2068 1193 singulos

300 1217 336 1250 in
365 1227 550 1263 processus
581 1214 688 1249 fibras
721 1213 894 1261 quasdam
931 1213 1100 1247 emittunt
1133 1211 1234 1254 (ibid.
1260 1211 1326 1252 Ρ).
1381 1209 1474 1245 Coxa
1509 1217 1627 1244 autem
1655 1210 1797 1243 duobus
1832 1208 2069 1255 peculiaribus

300 1278 467 1312 musculis
496 1276 595 1318 (ibid.
622 1277 685 1319 N.)
712 1277 822 1311 altero
850 1283 1060 1320 transverse,
1086 1275 1196 1309 altero
1221 1274 1392 1308 arcuatim
1420 1272 1632 1306 decurrente
1660 1272 1827 1305 instructa
1856 1277 1916 1303 est.

401 1338 596 1374 Undecimo
624 1340 661 1373 in
684 1339 761 1386 pari
788 1337 922 1385 pedum
948 1337 1179 1379 (Mutterst'isse
1203 1335 1397 1375 Schaeffl„
1422 1335 1457 1368 in
1484 1334 1614 1381 quibus
1640 1332 1813 1367 branchia
1840 1331 2004 1375 exterior,9
2031 1337 2069 1364 ut

303 1404 340 1437 in
364 1402 512 1436 historia
540 1401 754 1436 evolutionis
783 1399 1105 1435 demonstrandum
1132 1405 1207 1443 esta
1234 1398 1397 1444 capsulae
1426 1408 1576 1430 ovorum
1605 1396 1641 1429 in
1670 1394 1879 1441 operculum
1908 1396 2071 1427 co‘minu-

301 1471 373 1498 iata
400 1470 470 1509 est,
496 1464 645 1498 musculi
673 1461 775 1503 (Tab.
793 1462 821 1497 l.
850 1463 932 1510 Fig.
947 1461 1019 1497 IV.
1033 1462 1084 1501 L.)
1115 1460 1160 1495 ad
1186 1460 1280 1494 hanc
1307 1465 1491 1505 vergentes
1518 1458 1631 1491 multo
1660 1456 1842 1500 fortiores,
1877 1466 1986 1501 quam
2011 1466 2070 1488 ce-

302 1526 386 1560 teris
414 1526 452 1560 in
477 1525 652 1570 pedibus,
686 1532 720 1559 et
747 1525 819 1571 apti
846 1531 950 1565 sunt,
987 1524 1120 1570 quibus
1157 1522 1300 1569 capsula
1328 1520 1490 1555 animalis
1514 1519 1662 1554 arbitrio
1690 1518 1819 1564 aperiri
1846 1523 1881 1550 et
1907 1514 2073 1550 concludi

303 1588 426 1633 possit.
480 1586 643 1621 Ceterum
671 1587 737 1621 lios
763 1586 874 1633 pedes
900 1585 1049 1631 iisdem,
1074 1586 1205 1632 quibus
1232 1590 1389 1628 cctei'OS‚
1415 1581 1583 1615 musculis
1610 1581 1800 1615 instructos
1828 1590 1901 1612 esse
1929 1590 1947 1610 e
1972 1589 2072 1610 com-

302 1649 488 1694 paratione
514 1648 705 1695 figurarum
734 1648 801 1683 Ill.
830 1655 864 1682 et
889 1646 962 1682 IV.
991 1646 1090 1681 facile
1119 1645 1265 1692 intelligi
1292 1650 1422 1692 potest.

399 1711 545 1744 Musculi
573 1709 745 1757 quidam‚
781 1710 842 1756 qui
870 1709 1008 1756 proprii
1037 1715 1118 1743 sunt
1152 1720 1367 1755 organorum
1395 1705 1633 1753 singulorum,
1668 1717 1738 1739 una
1765 1715 1846 1737 cum
1874 1701 1929 1735 his
1956 1700 2072 1746 aptius

302 1771 560 1806 describentur.

1033 1892 1072 1903 ...-
1078 1894 1319 1898 Ῐ,-.,-.--.-,

785 2043 1069 2081 ssrg·ana
1112 2037 1588 2080 digestionis.

1011 2235 1066 2259 Tui.
1088 2235 1106 2259 1.
1139 2235 1190 2268 Fiy.
1217 2234 1360 2259 r-J'm.

401 2324 429 2359 ἕ·
451 2323 484 2355 O.
539 2323 754 2370 Digestionis
784 2336 915 2370 organa
940 2330 1082 2370 praeter
1108 2324 1179 2357 oris
1205 2329 1323 2370 partes
1350 2333 1390 2355 ex
1414 2319 1641 2366 oesophago,
1683 2328 1700 2348 e
1727 2312 1922 2348 ventriculo
1956 2322 2070 2344 mem-

303 2384 479 2416 branaceo
508 2385 625 2418 multis
648 2384 866 2432 glandulosis
892 2385 1154 2432 appendicibus
1182 2386 1367 2428 insu-ueto,
1393 2394 1433 2416 ex
1462 2380 1630 2415 intestino
1660 2383 1694 2410 ct
1721 2388 1739 2409 e
1766 2380 1863 2409 recto
1892 2377 2065 2407 constant.

401 2447 428 2483 ἕ-
458 2447 490 2477 7·
545 2445 797 2494 Oesoplzagns.
825 2469 872 2475 —
901 2446 949 2481 OS
976 2448 1071 2495 (Fig.
1088 2447 1204 2487 l''.().)
1230 2447 1294 2480 sub
1322 2445 1410 2479 labri
1439 2442 1597 2488 margine
1621 2438 1800 2473 anteriore
1821 2437 1926 2470 situm
1952 2440 1986 2466 et
2010 2432 2068 2465 illo

303 2506 454 2539 omnino
483 2505 665 2541 obtectum
693 2515 754 2542 est.
806 2508 859 2542 Ab
888 2520 931 2542 eo
968 2509 1081 2543 oritur
1110 2508 1334 2554 oesophagus
1368 2506 1460 2552 (Fig.
1482 2502 1572 2537 VII.
1595 2500 1734 2545 VIII-l,
1769 2498 1831 2545 (lui
1864 2507 1947 2530 arcu
1976 2506 2069 2540 quo-

303 2566 385 2600 dam
413 2568 570 2613 primum
606 2568 642 2601 in
676 2569 879 2615 anteriora,
915 2577 990 2605 tum
1026 2571 1062 2605 in
1096 2571 1280 2617 superiora
1315 2573 1396 2614 post
1438 2564 1624 2599 cerebrum
1659 2567 1694 2595 et
1724 2559 1910 2595 oculorum
1946 2567 2072 2590 nervos
