2419 2972
1122 299 1364 335 ..70-

443 398 527 429 datus
549 396 738 435 conspicitur.
780 394 956 425 Abdominis
982 395 1012 424 in
1039 397 1124 433 parte
1148 393 1251 422 dextra
1273 400 1376 422 omnes
1398 389 1520 420 musculi
1552 391 1580 420 in
1608 390 1664 419 situ
1693 391 1817 420 naturali
1848 391 1942 422 relicti
1974 397 2057 428 sunt;
2093 394 2121 422 in

442 454 526 490 parte
546 449 665 480 sinistra
688 448 811 479 musculi
831 446 1059 486 longitudinales
1083 445 1232 476 venti-ales
1261 442 1335 482 (θ’.)
1370 448 1399 474 et
1432 444 1541 482 obliqui
1568 443 1705 473 laterales
1728 443 1786 480 (E'.
1811 447 1840 473 et
1863 441 1919 482 G'.)
1940 445 2027 475 ablati
2049 449 2125 483 sunt,

443 512 501 543 quo
526 503 604 532 sacto
628 502 658 532 in
681 505 871 540 conspectum
897 500 1002 530 dantur
1023 504 1052 530 et
1073 499 1196 530 musculi
1217 499 1323 538 pedum
1347 500 1476 528 maiores
1500 497 1578 535 (11¹.)
1611 498 1639 526 in
1661 497 1770 533 latere,
1799 501 1827 527 et
1850 499 1979 529 minores
2002 499 2072 535 (.1’.)
2096 501 2124 529 in

444 561 526 597 parte
550 556 673 586 ventrali
697 557 754 586 siti.
810 555 946 585 Cernitur
967 558 1027 584 tota
1049 554 1236 594 gangliorum
1259 553 1487 583 abdominalium
1513 554 1607 583 series
1634 561 1650 581 e
1674 553 1828 592 sexaginta
1860 553 2046 592 gangliorum
2071 564 2127 592 pa-

445 612 526 642 ribus
550 614 701 641 constans
724 629 763 633 ——
784 609 815 639 ln
838 609 961 649 singulis
984 609 1095 649 figurae
1117 608 1248 647 partibus
1272 607 1377 646 singuli
1400 607 1482 636 nervi
1507 607 1535 636 in
1558 606 1614 636 situ
1633 607 1756 636 naturali
1783 606 1921 636 delineati
1945 610 2020 636 sunt.

490 667 516 695 1.
539 665 628 696 Nervi
651 663 697 702 (P.
714 663 765 701 Q.)
788 664 863 693 inter
885 663 1034 693 musculos
1057 662 1189 701 integros
1212 662 1442 700 conspiciuntur.

491 720 518 749 2.
540 719 629 749 Nervi
650 718 747 755 iidem,
770 717 908 748 musculis
931 717 990 754 (D'.
1013 716 1072 753 Ε’.)
1095 716 1242 752 dissectis⁷
1264 715 1365 744 nudati
1386 718 1460 744 sunt.

489 772 518 803 3.
539 772 629 803 Nervi
650 770 717 809 (V.)
738 772 830 811 partis
854 771 1020 801 abdominis
1042 769 1217 809 posterioris
1242 769 1351 798 nudati.

487 827 517 857 4.
537 825 660 857 Musculi
684 829 793 855 tantum
817 825 963 855 ventralcs
990 827 1018 853 et
1035 822 1172 852 laterales
1192 822 1300 861 obliqui
1323 821 1428 852 sublati
1452 826 1528 852 sunt.

489 882 517 911 5.
542 880 570 910 6.
591 880 715 910 Musculi
739 888 855 918 quoque
877 879 982 917 pedum
1004 877 1075 915 (J'.)
1102 881 1131 907 et
1154 876 1288 906 tendines
1307 877 1367 914 (L.)
1391 877 1522 907 sublalae
1545 879 1633 911 sunt,
1666 884 1721 914 qua
1745 885 1777 905 re
1801 879 1829 905 et
1857 877 1962 915 pedum
1988 879 2130 907 caritates

530 935 698 974 aperiuntur
720 938 748 963 et
768 933 850 962 nervi
874 933 920 970 (Τ.
942 932 992 968 U.)
1017 932 1171 961 nudantur.
1216 931 1246 960 lu
1271 932 1297 960 Γ).
1324 940 1421 960 ramus
1448 938 1504 968 (r.)
1531 932 1614 960 nervi
1636 930 1705 968 (U.)
1729 930 1766 960 ad
1789 932 1936 961 musculos
1960 931 2036 970 (11¹.)
2059 943 2131 971 pro-

529 989 681 1028 grediens,
706 989 735 1017 in
757 987 786 1017 6.
809 996 916 1016 nervus
940 986 1007 1022 (Ιῖ.)
1032 985 1068 1015 ad
1092 985 1213 1014 eosdem
1237 984 1385 1013 musculos
1408 985 1557 1023 pertinens
1580 985 1608 1013 in
1630 986 1765 1022 promptu
1786 984 1872 1022 positi
1896 988 1971 1014 sunt.

493 1043 520 1072 7.
545 1043 634 1073 Nervi
656 1042 707 1080 (R.
729 1041 758 1071 S.
780 1041 833 1078 X.)
856 1040 1022 1070 abdominis
1045 1040 1135 1078 partis
1156 1038 1339 1078 posterioris.

492 1097 520 1126 8.
546 1097 634 1126 Nervi
656 1095 723 1133 (Y.)
747 1095 870 1124 extremi
895 1093 992 1123 annuli
1016 1093 1192 1123 abdominis.

413 1149 471 1188 Fiy.
496 1149 536 1178 II.
596 1148 714 1178 Nervus
741 1147 774 1177 R.
801 1156 866 1177 cuni
889 1147 976 1176 ramis
997 1155 1027 1184 p.
1052 1155 1078 1184 q.
1103 1148 1127 1183 ξ.
1148 1157 1175 1183 ρ.
1200 1158 1228 1174 n.
1253 1164 1291 1168 —
1309 1145 1368 1182 (Cf.
1391 1144 1449 1183 Εἰς).
1477 1145 1499 1174 Ι.
1524 1146 1580 1182 o).

410 1202 468 1242 Fiq.
495 1203 551 1232 III.
596 1202 714 1232 Nervus
741 1201 770 1231 Y.
797 1201 898 1230 lateris
921 1200 1026 1230 dextri.
1047 1218 1087 1222 —
1108 1199 1166 1237 (Cf.
1193 1198 1251 1238 Fc'q.
1280 1198 1302 1228 I.
1324 1199 1379 1236 8.).

414 1258 472 1297 Fiy.
498 1256 548 1287 IV.
596 1256 690 1286 Nervi
710 1256 795 1294 ped-is
819 1254 1022 1284 abdominalz's.

493 1312 528 1342 R.
553 1311 582 1341 S.
610 1311 640 1341 T.
666 1311 697 1340 U.
742 1311 873 1347 Qualuor
896 1310 978 1339 nervi
1001 1318 1017 1338 c
1040 1308 1161 1348 ganglio
1186 1308 1363 1338 abdominali
1386 1308 1451 1337 orti.
1485 1327 1522 1330 —-
1553 1317 1581 1337 a.
1605 1307 1712 1337 Ramus
1738 1308 1821 1337 nervi
1846 1306 1875 1336 S.
1899 1307 1936 1336 ad
1960 1317 2074 1337 coxam.
2099 1328 2135 1332 -—

494 1365 520 1396 b.
544 1375 568 1395 c.
593 1365 619 1395 d.
645 1375 668 1394 e.
692 1365 830 1394 Eiusdem
856 1364 927 1393 rami
953 1363 990 1392 ad
1014 1367 1128 1392 ceteras
1153 1362 1236 1402 pedis
1261 1362 1449 1402 appendices.
1474 1380 1513 1384 —
1535 1362 1556 1400 s.
1581 1362 1607 1391 h.
1632 1362 1714 1391 Rami
1739 1361 1920 1391 musculares
1941 1363 2025 1392 nervi
2056 1362 2084 1391 T.
2099 1381 2136 1385 —

495 1420 514 1450 i.
536 1419 675 1450 Eiusdem
696 1419 799 1449 ramuli
822 1418 860 1448 ad
881 1417 1053 1447 branchiam
1075 1418 1226 1447 maiorem.
1250 1436 1289 1441 —
1312 1427 1336 1447 r.
1360 1426 1384 1447 s.
1412 1420 1430 1446 t.
1453 1427 1481 1446 u.
1504 1426 1531 1446 v.
1556 1417 1638 1446 Raini
1660 1417 1743 1446 nervi
1770 1416 1801 1445 U.

413 1473 475 1513 Fiq.
502 1473 530 1504 V.
574 1473 668 1504 Nervi
694 1473 915 1512 reproductorii
936 1472 1000 1502 sive
1022 1472 1201 1510 oesophayei
1223 1475 1267 1508 (ς.
1292 1472 1366 1509 (27.)
1389 1490 1428 1494 -
1451 1472 1539 1502 Nervi
1563 1473 1599 1501 ita
1624 1474 1690 1501 sunt
1712 1470 1866 1508 delineati,
1888 1474 1934 1505 ut.
1966 1471 2098 1500 sectione
2121 1481 2137 1499 a

454 1532 536 1568 parte
562 1528 704 1558 inforiore
729 1528 791 1557 sive
815 1527 938 1556 ventrali
961 1525 1048 1561 saeta,
1071 1529 1220 1565 apparent.

413 1583 474 1623 Fiy.
503 1582 550 1612 VI.
594 1582 688 1611 Nervi
708 1580 964 1620 ceplzalothoracis
987 1584 1031 1617 (§.
1047 1580 1122 1617 280.
1166 1578 1404 1618 Cephalotliorax
1427 1588 1443 1608 a
1466 1582 1549 1617 parto
1573 1578 1714 1608 inferiore
1738 1581 1856 1617 apertus
1880 1581 1941 1615 est3
1966 1582 1995 1607 et
2017 1579 2138 1607 musculi

455 1638 484 1668 in
505 1637 618 1676 pariete
641 1637 704 1666 eius
726 1636 866 1666 inferiore
890 1636 956 1671 siti,
985 1638 1014 1664 et
1036 1643 1194 1674 processus
1217 1633 1372 1663 ventriculi
1401 1633 1569 1672 glandulosi
1600 1636 1666 1662 sunt
1690 1632 1799 1669 demti,
1834 1641 1924 1671 parva
1957 1641 2025 1671 pars
2050 1632 2138 1662 modo

459 1692 650 1722 membranae
674 1691 827 1721 ventriculi
851 1691 915 1728 (V.)
941 1690 1137 1728 conspicitur3
1169 1690 1197 1718 in
1221 1688 1367 1728 profundo
1393 1688 1468 1717 oculi
1493 1688 1661 1716 membrana
1685 1686 1840 1716 tendinosa
1866 1686 2050 1716 circumclusi
2073 1687 2139 1724 (A.)

458 1746 505 1775 siti
527 1748 601 1775 sunt.
628 1761 664 1767 -—
683 1744 867 1774 Mandibulac
891 1747 1021 1773 remotae
1044 1747 1121 1781 sunt,
1144 1747 1175 1773 ut
1198 1752 1298 1772 earum
1322 1741 1467 1771 musculus
1493 1741 1572 1779 (Μ’.)
1600 1742 1628 1770 in
1652 1744 1842 1780 conspectum
1870 1741 1990 1773 veniat:
2013 1749 2029 1770 a
2052 1743 2134 1779 parte

463 1800 564 1829 dextra
590 1799 725 1829 maxillae
750 1800 777 1828 in
807 1800 863 1828 situ
887 1797 1010 1827 naturali
1039 1797 1152 1836 positae
1167 1820 1175 1834 ‚
1209 1806 1224 1826 a
1250 1797 1366 1826 sinistra
1392 1800 1487 1826 autem
1512 1797 1539 1825 in
1563 1796 1711 1825 anteriora
1735 1803 1840 1824 versae
1863 1798 1949 1832 sunt.
1985 1798 2014 1823 ut
2036 1794 2140 1832 pedum

465 1853 682 1883 thoracicorum
704 1861 758 1890 par
779 1853 894 1881 tertium
917 1852 1124 1890 conspiciatur.

504 1907 646 1937 Omnibus
668 1906 698 1935 in
718 1906 822 1945 figuris
847 1906 933 1935 haias
955 1906 1084 1941 tabulae,
1108 1909 1230 1944 excepta
1252 1905 1344 1944 ligura
1370 1907 1481 1942 quarta,
1503 1903 1722 1943 significantur:

544 1975 587 2005 D'.
613 1975 655 2005 Ε.
680 1974 720 2005 G'.
742 1975 785 2005 H'.
807 1975 853 2004 Μ’.
875 1975 915 2005 Z'.
958 1976 1081 2005 Masculi
1103 1975 1200 2011 iidem,
1224 1976 1271 2014 qui
1295 1975 1322 2004 in
1351 1974 1419 2004 Ταῦ.
1436 1974 1458 2003 Ι.
1486 1974 1543 2012 Fiq.
1560 1973 1584 2002 I.
1608 1973 1711 2002 litteris
1733 1972 1979 2011 respondentibus
2001 1971 2037 2000 D.
2057 1970 2090 1999 E.
2110 1971 2142 1999 G.

546 2037 571 2058 e.
597 2037 622 2058 c.
649 2029 804 2067 significati
827 2032 901 2058 sunt.
928 2047 964 2052 —
988 2028 1025 2058 .1’.
1052 2028 1174 2058 Musculi
1196 2029 1325 2058 minores
1349 2028 1455 2067 pedum
1479 2029 1506 2057 in
1531 2030 1613 2066 parte
1636 2026 1759 2056 ventrali
1788 2025 1952 2055 abdominis
1975 2024 2031 2054 siti.

548 2099 583 2129 A.
606 2098 690 2129 Oculi
715 2099 883 2129 membrana
909 2099 1064 2129 tendinosa
1089 2099 1282 2129 circumclusi.
1306 2117 1343 2121 —
1365 2099 1395 2128 Β.
1419 2098 1552 2128 Maxillae
1576 2098 1752 2127 anteriores.
1778 2116 1812 2120 -
1836 2097 1870 2126 D.
1893 2095 2072 2125 Maxillarum
2097 2094 2144 2123 al-

551 2157 644 2183 terum
664 2161 725 2192 par.
752 2170 787 2176 -
812 2153 840 2182 F.
862 2152 969 2182 Pedum
993 2152 1211 2183 tlioracicorum
1233 2162 1285 2192 par
1308 2154 1482 2182 te1·liuin.—
1504 2153 1536 2182 G.
1563 2151 1669 2181 Pedum
1694 2150 1919 2180 abdominalium
1943 2158 1995 2188 par
2014 2149 2144 2187 primum.

552 2225 590 2230 --
611 2206 641 2235 L.
668 2205 856 2236 Membranae
879 2206 1053 2235 tendinosac
1069 2229 1077 2244 ,
1113 2216 1188 2245 quae
1218 2208 1367 2246 margines
1393 2207 1498 2245 pedum
1522 2206 1749 2236 abdominalium
1780 2206 1807 2234 in
1832 2207 1933 2233 ventre
1964 2203 2146 2242 coniungere

552 2261 695 2290 videntur.
725 2279 762 2283 -—-
788 2259 821 2289 0.
846 2260 1051 2299 Oesopliagus.
1074 2278 1110 2282 —
1136 2260 1168 2290 V.
1190 2260 1361 2290 Membrana
1383 2260 1546 2291 ventriculi.
1577 2279 1608 2283 -
1634 2260 1664 2289 P.
1686 2260 1779 2289 l'cnis.

554 2330 588 2358 A.
616 2330 784 2359 Cerebrum.
808 2329 893 2360 -B.
905 2330 993 2359 Nervi
1012 2330 1162 2360 oculorum
1187 2331 1477 2370 compositorum.—
1493 2332 1523 2361 (J.
1539 2331 1627 2361 Nervi
1651 2328 1819 2360 cercbrales
1839 2327 2039 2366 oesopliagum
2063 2335 2148 2356 eom-

553 2383 723 2422 plectentes¹
751 2402 788 2407 —
812 2383 847 2413 D.
873 2383 994 2423 Ganglia
1018 2384 1207 2424 oesophagea
1233 2386 1314 2423 paria
1335 2385 1399 2414 sive
1425 2386 1587 2424 superiora.
1610 2404 1650 2408 —-
1678 2384 1714 2415 E.
1739 2383 1845 2412 fiamus
1870 2386 2054 2411 transversus
2076 2389 2147 2409 ¹10¹·-

556 2445 658 2466 vorum
682 2438 711 2466 C.
735 2456 774 2460 -
810 2437 839 2466 F.
864 2437 1053 2477 Gangliorum
1077 2438 1292 2468 thoracicorum
1312 2448 1365 2477 par
1387 2440 1476 2478 prius.
1508 2458 1546 2462 --
1575 2439 1607 2468 G.
1639 2436 1829 2475 Gangliorum
1852 2435 2069 2464 tlioracicorum
2096 2443 2147 2472 par

556 2491 686 2520 alterum.
708 2509 747 2513 —
770 2490 805 2519 H.
830 2489 1019 2530 Gangliorum
1041 2492 1268 2523 abdominalium
1290 2502 1342 2532 par
1363 2494 1494 2532 primum.
1528 2511 1566 2515 —-
1598 2492 1625 2521 J.
1648 2490 1681 2520 Κ.
1705 2490 1737 2519 L.
1761 2490 1850 2520 Nervi
1871 2488 1983 2528 ganglii
2005 2487 2146 2517 thoracici

555 2545 662 2584 prioriS
683 2544 719 2574 ad
743 2543 936 2575 mandibulas·
961 2564 995 2569 -
1030 2545 1068 2576 M.
1092 2546 1128 2576 N.
1156 2545 1190 2576 Ο.
1214 2547 1301 2577 Nervi
1324 2548 1435 2587 ganglii
1458 2546 1600 2577 thoracici
1626 2545 1744 2577 alterius
1768 2544 1804 2574 ad
1827 2542 1970 2572 maxillas.
2000 2560 2035 2564 —
2059 2540 2089 2570 P.
2113 2540 2146 2576 Q.
