2419 2972
343 425 532 459 instructus
560 430 621 457 est.
673 421 879 457 Membrana
905 419 1050 465 scilicet,
1077 431 1169 467 quae
1193 419 1388 454 branchiae
1415 419 1571 455 mediam
1601 427 1739 468 partem
1767 433 1786 455 a
1812 420 2111 468 cephalothorace

342 488 379 521 iu
406 486 651 534 dissepimenti
678 484 827 519 modum
856 482 1044 529 disiungit,
1075 489 1158 516 ante
1195 482 1355 516 canalem
1392 482 1566 529 imparem
1601 483 1767 517 tubulum
1801 482 1982 529 quendam
2016 483 2109 530 wig.

342 550 372 585 Ι.
392 550 445 590 P.)
474 549 788 583 membranaceum
817 546 961 579 brevem
990 556 1211 591 componere
1238 543 1399 590 videtur,
1432 545 1494 591 qui
1522 545 1558 579 in
1589 544 1899 592 cephalothoracis
1925 545 2109 578 cavitatem

343 611 530 645 descendit
565 617 599 644 et
629 611 665 644 in
692 610 844 642 liberum
870 606 999 641 ostium
1027 606 1118 651 exit,
1157 606 1203 639 ita
1238 612 1278 639 ut
1304 605 1371 639 hac
1397 618 1546 653 quoque
1585 606 1639 640 via
1666 606 1845 653 sanguinis
1879 617 1897 638 e
1931 605 2112 639 branchiis

344 672 526 707 redeuntis
551 685 631 719 pars
665 683 729 717 per
764 669 923 704 canalem
960 669 1134 715 imparem
1163 674 1198 701 ct
1235 667 1332 702 hunc
1370 668 1534 701 tubulum
1570 669 1884 702 membranaceum
1920 665 2108 701 derivetur.

345 734 542 779 Quomodo
570 741 687 768 autem
716 733 775 766 hic
801 731 939 778 sanguis
962 730 1072 765 corde
1098 730 1339 776 concipiatur,
1367 730 1456 764 infra
1481 730 1797 764 demonstrabitur.

443 800 471 835 §.
503 799 557 830 12.
610 795 818 830 Branclziae
844 795 1002 828 minores
1024 790 1181 839 pedibus
1206 790 1360 841 ffxae.
1395 810 1441 817 —
1473 792 1617 826 Praeter
1643 792 1737 825 illam
1765 792 1974 826 branchiam
2003 793 2111 827 scuti-

346 860 497 893 sormem
513 884 523 903 ,
558 857 812 891 branchiarum
839 855 930 889 duae
959 855 1046 888 aliae
1073 853 1209 888 formae
1236 852 1478 886 inveniuntur.
1531 853 1603 886 Hae
1628 853 1822 886 branchiae
1848 860 1931 886 sunt
1957 853 2029 887 duo
2058 853 2112 887 fo-

345 921 428 954 liola
454 920 728 953 membranacea
754 930 794 951 ac
818 916 1039 961 tenerrima,
1075 927 1168 962 quae
1204 914 1379 961 superiori
1408 914 1556 961 margini
1585 913 1722 947 articuli
1749 914 1895 947 secundi
1922 914 2024 960 pedis
2051 927 2113 949 cu-

346 982 472 1029 iusque
499 980 601 1015 affixa
626 986 717 1013 sunt.
771 979 931 1012 Exterior
957 978 1050 1025 (Flg.
1069 976 1174 1011 XIII.
1186 975 1245 1015 A.)
1273 976 1408 1020 maior,
1447 982 1499 1009 est
1525 974 1703 1022 pellucida
1739 981 1773 1009 et
1799 976 2037 1010 securiformis
2059 978 2112 1010 vel

345 1043 417 1076 sere
443 1042 685 1089 triangularis,
722 1040 881 1086 margine
908 1045 1052 1072 externo
1081 1038 1221 1082 ciliatO,
1257 1037 1345 1070 ciliis
1372 1035 1528 1082 pinnatis
1556 1042 1591 1069 et
1616 1036 1734 1082 specie
1760 1036 1946 1081 tubulatis,
1981 1037 2113 1071 tubulis

347 1117 367 1139 a
395 1105 553 1151 margine
581 1102 625 1137 ad
652 1101 812 1136 medium
839 1113 953 1147 usquc
984 1100 1096 1134 folioli
1129 1100 1238 1146 ipsius
1264 1099 1449 1145 porrectis.
1502 1098 1653 1132 Interior
1686 1098 1780 1146 (Fig.
1800 1098 1906 1133 XIII.
1929 1099 1985 1141 B.)
2019 1106 2114 1133 exte-

348 1166 444 1200 riore
471 1165 603 1210 minor,
628 1164 742 1198 forma
768 1170 882 1208 ovata,
909 1169 944 1196 et
968 1162 1049 1209 pilis
1075 1161 1147 1196 sive
1174 1161 1262 1195 ciliis
1290 1160 1440 1194 omuino
1468 1158 1646 1193 destituta.
1694 1160 1883 1206 Utriusque
1909 1160 2115 1207 superficies

350 1227 479 1262 eodem
508 1226 633 1272 modo,
660 1238 733 1273 quo
748 1225 837 1259 scuti
856 1231 1003 1259 stratum
1031 1223 1206 1268 medium,
1230 1222 1403 1257 maculata
1427 1234 1468 1256 ac
1494 1228 1661 1268 punctata
1688 1228 1751 1267 est,
1777 1229 1811 1256 et
1831 1229 2005 1257 structura
2023 1222 2116 1258 duae

347 1297 447 1325 scuto
475 1290 606 1324 similes
634 1300 708 1322 csse
735 1300 801 1322 nec
826 1288 893 1322 nisi
926 1287 981 1321 his
1016 1287 1123 1320 rebus
1158 1286 1202 1320 ab
1240 1298 1283 1319 eo
1311 1284 1453 1319 differre
1488 1283 1679 1329 videntur,
1715 1283 1815 1331 quod
1853 1283 2047 1331 epidermis
2074 1297 2115 1319 ex

346 1358 499 1398 utraque
526 1356 626 1397 parte
654 1361 776 1383 earum
804 1360 918 1395 aeque
952 1355 1075 1382 tenera
1102 1359 1143 1381 ac
1168 1345 1347 1394 pellucida
1378 1352 1448 1385 est,
1481 1351 1629 1379 stratum
1663 1352 1781 1379 autem
1816 1345 1976 1379 medium
2002 1359 2116 1381 massa

348 1411 601 1445 branchiarum
633 1410 804 1457 peculiari
840 1409 1004 1443 effectum
1036 1408 1093 1442 his
1119 1408 1158 1442 in
1184 1408 1366 1443 branchiis
1393 1407 1628 1442 tenerrimum
1657 1419 1724 1442 nec
1751 1408 1932 1442 canalibus
1958 1410 2114 1456 propriis

346 1474 556 1507 instructum
584 1479 644 1506 est.

446 1534 618 1567 Foliolum
646 1533 797 1567 exterius
823 1532 1034 1566 branchiam
1059 1543 1146 1576 esse,
1172 1542 1278 1565 nemo
1305 1542 1466 1577 unquam
1486 1528 1673 1575 dubitavit,
1701 1530 1847 1564 interius
1869 1538 2001 1576 autem,
2029 1532 2113 1578 quia

348 1596 528 1641 interdum
562 1596 628 1629 alia
664 1594 820 1642 quadam
855 1594 969 1629 forma
1006 1593 1190 1638 induitur,
1230 1592 1358 1627 diversi
1393 1592 1583 1638 scriptores
1622 1591 1858 1626 diversissime
1893 1593 2115 1639 interpretati

350 1665 441 1692 sunt.
495 1657 642 1704 Sanguis
670 1657 766 1690 enim
794 1655 974 1690 interdum
1002 1655 1057 1689 his
1089 1655 1126 1689 in
1153 1654 1314 1701 partibus
1347 1655 1543 1699 retinetur,
1579 1654 1728 1688 laminas
1763 1654 1850 1688 duas
1886 1653 2119 1701 epidermidis

350 1720 502 1766 seiungit
530 1726 564 1752 et
589 1720 660 1752 1100
686 1718 797 1752 modo
826 1717 987 1751 foliolum
1023 1716 1242 1764 pellucidum
1277 1717 1314 1750 in
1342 1716 1520 1750 sacculum
1551 1714 1732 1762 quendam
1746 1716 1774 1757 *)
1808 1716 1949 1762 liquore
1978 1716 2119 1762 sangui-

351 1793 419 1815 neo
448 1780 623 1827 repletum
648 1786 856 1814 commutat.
908 1778 1087 1825 Equidem
1119 1779 1214 1812 hanc
1251 1778 1576 1812 conforn‘iationem
1611 1778 1741 1811 morbo
1771 1777 1930 1824 quodam
1958 1776 2119 1810 animalis

355 1849 387 1876 ct
415 1841 587 1888 impedita
614 1842 849 1888 respiratione
878 1840 970 1875 effici
998 1840 1120 1886 credo,
1144 1851 1343 1886 numquam
1373 1838 1469 1872 enim
1496 1838 1563 1872 hos
1590 1839 1747 1872 sacculos
1774 1838 1889 1884 reperi
1917 1839 1954 1872 in
1978 1838 2020 1872 iis
2041 1839 2119 1872 ani-

353 1905 516 1949 malibus,
547 1916 701 1950 quorum
730 1916 893 1949 magnam
920 1901 1186 1936 multitudinem
1216 1913 1256 1934 ex
1278 1900 1352 1935 ovis
1383 1901 1458 1946 ipse
1496 1899 1664 1945 educavi,
1696 1900 1835 1946 saepius
1862 1906 1979 1933 autem
2008 1898 2117 1933 iidem

354 1965 578 2011 reperiuntur
607 1964 718 2010 captis
751 1964 786 1997 in
817 1964 1049 2008 animalibus,
1082 1963 1274 2010 praecipue
1310 1962 1338 1996 si
1375 1968 1435 1996 aut
1460 1962 1588 1996 maiori
1623 1962 1706 1995 solis
1733 1961 1851 1995 ardori
1880 1968 2120 2007 exponuntur,

357 2039 464 2073 quem
491 2026 646 2072 perferre
674 2038 747 2059 11011
775 2032 937 2072 possunt,
963 2032 1023 2059 aut
1049 2025 1077 2058 si
1101 2025 1142 2059 iis
1171 2037 1244 2058 non
1271 2024 1388 2071 pluvia
1416 2036 1508 2070 aqua
1538 2023 1652 2068 datur,
1679 2035 1761 2056 nam
1787 2023 1822 2056 in
1844 2023 1911 2056 hac
1935 2023 2007 2057 sola
2034 2035 2120 2069 pos-

353 2095 434 2121 sunt
457 2087 583 2121 vivere.
649 2085 717 2119 Cur
743 2093 860 2120 autem
888 2087 942 2120 his
969 2087 1006 2120 in
1031 2086 1261 2120 interioribus
1290 2085 1471 2119 branchiis
1506 2084 1640 2118 facilius
1675 2097 1782 2130 quam
1818 2085 1853 2118 in
1886 2084 2120 2119 exterioribus

355 2151 446 2188 (nain
472 2147 652 2182 interdum
680 2148 747 2181 hae
775 2160 923 2195 quoque
950 2148 1060 2194 magis
1086 2155 1169 2182 sunt
1193 2147 1364 2194 sanguine
1392 2146 1561 2193 repletae)
1589 2146 1729 2192 sanguis
1755 2147 1947 2180 retineatur
1973 2153 2008 2180 et
2035 2159 2120 2181 coa·-

354 2210 515 2256 guletur,
549 2209 586 2244 id
614 2222 653 2243 ex
679 2210 856 2256 sanguinis
884 2210 946 2243 has
973 2222 1037 2255 per
1062 2216 1179 2256 partes
1211 2210 1359 2243 circuitu
1388 2208 1611 2255 intelligetur.
1636 2226 1679 2232 -—
1710 2208 1929 2242 Schaelcr
1951 2207 2040 2241 hacc
2065 2208 2121 2242 fo·-

356 2272 438 2305 liola
465 2272 534 2305 sive
562 2272 627 2305 1105
655 2272 812 2305 sacculos
837 2284 908 2305 una
939 2284 1020 2305 cum
1047 2272 1229 2305 canalibus
1254 2271 1342 2304 scuti
1371 2283 1429 2304 eas
1453 2282 1527 2304 esse
1551 2276 1679 2317 partes,
1707 2282 1799 2316 quae
1826 2281 1969 2303 succum
1994 2268 2039 2303 ad
2063 2281 2122 2303 re-

356 2339 496 2366 centem
525 2333 685 2378 corporis
710 2340 836 2366 testam
865 2331 1090 2366 efficiendam
1125 2338 1328 2377 secernant,
1356 2331 1510 2378 putavit,
1550 2343 1642 2378 quae
1678 2331 1801 2377 opinio
1834 2330 2013 2365 reiiciatur
2048 2331 2118 2365 iam

356 2408 430 2429 non
458 2406 547 2441 opus
572 2406 644 2427 0550
670 2394 819 2428 videtur.
857 2413 900 2419 —
929 2394 976 2428 111.
1006 2392 1219 2428 Berthold
1252 2393 1319 2427 hos
1353 2393 1511 2428 sacculos
1544 2399 1662 2440 partes
1692 2391 1861 2438 genitales
1894 2391 2011 2427 viriles
2046 2404 2120 2427 esse

414 2583 448 2619 ἃ)
474 2582 504 2611 V.
528 2581 724 2611 Schacser
747 2581 764 2611 1.
791 2590 814 2611 c.
837 2582 905 2611 Tab.
921 2582 939 2611 1.
964 2583 1023 2622 Fig.
1038 2583 1071 2613 V.
1096 2583 1165 2613 Tab.
1180 2583 1225 2613 111.
1248 2582 1394 2623 Fig.1.11.
1417 2580 1563 2612 tul—v.
1585 2579 1614 2610 h.
