<?xml version="1.0" encoding="UTF-8"?>
<!DOCTYPE html PUBLIC "-//W3C//DTD XHTML 1.0 Transitional//EN"
    "http://www.w3.org/TR/xhtml1/DTD/xhtml1-transitional.dtd">
<html xmlns="http://www.w3.org/1999/xhtml" xml:lang="en" lang="en">
 <head>
  <title>
</title>
<meta http-equiv="Content-Type" content="text/html;charset=utf-8" />
  <meta name='ocr-system' content='tesseract 3.04.00' />
  <meta name='ocr-capabilities' content='ocr_page ocr_carea ocr_par ocr_line ocrx_word'/>
</head>
<body>
  <div class='ocr_page' id='page_1' title='image "./deapodiscancrifo00zadd_0030.png"; bbox 0 0 2419 2972; ppageno 0'>
   <div class='ocr_carea' id='block_1_1' title="bbox 1129 309 1375 346">
    <p class='ocr_par' dir='ltr' id='par_1_1' title="bbox 1129 309 1375 346">
     <span class='ocr_line' id='line_1_1' title="bbox 1129 309 1375 346; baseline 0.008 -14"><span class='ocrx_word' id='word_1_1' title='bbox 1129 309 1375 346; x_wconf 73' lang='lat'>-13-</span> 
     </span>
    </p>
   </div>
   <div class='ocr_carea' id='block_1_2' title="bbox 357 402 2142 2611">
    <p class='ocr_par' dir='ltr' id='par_1_2' title="bbox 358 402 2142 2361">
     <span class='ocr_line' id='line_1_2' title="bbox 371 402 2136 454; baseline 0 -12"><span class='ocrx_word' id='word_1_2' title='bbox 371 409 458 443; x_wconf 87' lang='lat' dir='ltr'>sales</span> <span class='ocrx_word' id='word_1_3' title='bbox 484 408 556 442; x_wconf 89' lang='lat' dir='ltr'>hoc</span> <span class='ocrx_word' id='word_1_4' title='bbox 582 408 663 442; x_wconf 86' lang='lat' dir='ltr'>loco</span> <span class='ocrx_word' id='word_1_5' title='bbox 692 408 727 441; x_wconf 93' lang='lat' dir='ltr'>in</span> <span class='ocrx_word' id='word_1_6' title='bbox 752 414 943 454; x_wconf 82' lang='lat' dir='ltr'>utramque</span> <span class='ocrx_word' id='word_1_7' title='bbox 970 413 1108 454; x_wconf 85' lang='lat' dir='ltr'>partem</span> <span class='ocrx_word' id='word_1_8' title='bbox 1136 405 1322 441; x_wconf 81' lang='lat' dir='ltr'>discedant</span> <span class='ocrx_word' id='word_1_9' title='bbox 1345 403 1398 446; x_wconf 79' lang='lat' dir='ltr'>(cs.</span> <span class='ocrx_word' id='word_1_10' title='bbox 1430 402 1514 440; x_wconf 74' lang='lat' dir='ltr'>Tab.</span> <span class='ocrx_word' id='word_1_11' title='bbox 1530 404 1558 440; x_wconf 90' lang='lat' dir='ltr'>I.</span> <span class='ocrx_word' id='word_1_12' title='bbox 1586 404 1668 452; x_wconf 74' lang='lat' dir='ltr'>Fig.</span> <span class='ocrx_word' id='word_1_13' title='bbox 1683 404 1736 451; x_wconf 70' lang='grc'>1.),</span> <span class='ocrx_word' id='word_1_14' title='bbox 1758 405 1863 440; x_wconf 83' lang='lat' dir='ltr'>situm</span> <span class='ocrx_word' id='word_1_15' title='bbox 1888 413 1951 452; x_wconf 70' lang='lat' dir='ltr'>est,</span> <span class='ocrx_word' id='word_1_16' title='bbox 1975 413 2008 441; x_wconf 89' lang='lat' dir='ltr'>et</span> <span class='ocrx_word' id='word_1_17' title='bbox 2024 413 2136 442; x_wconf 82' lang='lat' dir='ltr'>totam</span> 
     </span>
     <span class='ocr_line' id='line_1_3' title="bbox 370 466 2136 517; baseline -0.001 -13"><span class='ocrx_word' id='word_1_18' title='bbox 370 483 434 517; x_wconf 91' lang='lat' dir='ltr'>per</span> <span class='ocrx_word' id='word_1_19' title='bbox 461 469 676 504; x_wconf 89' lang='lat' dir='ltr'>anteriorem</span> <span class='ocrx_word' id='word_1_20' title='bbox 704 468 909 502; x_wconf 76' lang='lat' dir='ltr'>abdominis</span> <span class='ocrx_word' id='word_1_21' title='bbox 935 475 1071 515; x_wconf 87' lang='lat' dir='ltr'>partem</span> <span class='ocrx_word' id='word_1_22' title='bbox 1096 468 1118 502; x_wconf 88' lang='lat' dir='ltr'>i.</span> <span class='ocrx_word' id='word_1_23' title='bbox 1135 481 1164 502; x_wconf 83' lang='lat' dir='ltr'>e.</span> <span class='ocrx_word' id='word_1_24' title='bbox 1193 467 1237 501; x_wconf 91' lang='lat' dir='ltr'>ad</span> <span class='ocrx_word' id='word_1_25' title='bbox 1263 466 1494 500; x_wconf 79' lang='lat' dir='ltr'>undecimum</span> <span class='ocrx_word' id='word_1_26' title='bbox 1522 478 1636 512; x_wconf 80' lang='lat' dir='ltr'>usque</span> <span class='ocrx_word' id='word_1_27' title='bbox 1661 467 1823 513; x_wconf 84' lang='lat' dir='ltr'>corporis</span> <span class='ocrx_word' id='word_1_28' title='bbox 1850 468 2036 511; x_wconf 73' lang='lat' dir='ltr'>annulum,</span> <span class='ocrx_word' id='word_1_29' title='bbox 2065 481 2136 502; x_wconf 83' lang='lat' dir='ltr'>non</span> 
     </span>
     <span class='ocr_line' id='line_1_4' title="bbox 370 528 2139 577; baseline -0.001 -11"><span class='ocrx_word' id='word_1_30' title='bbox 370 539 501 577; x_wconf 74' lang='lat' dir='ltr'>autem,</span> <span class='ocrx_word' id='word_1_31' title='bbox 526 537 566 565; x_wconf 88' lang='lat' dir='ltr'>ut</span> <span class='ocrx_word' id='word_1_32' title='bbox 593 530 861 566; x_wconf 83' lang='lat' dir='ltr'>etSchaeser</span> <span class='ocrx_word' id='word_1_33' title='bbox 888 536 922 564; x_wconf 84' lang='lat' dir='ltr'>et</span> <span class='ocrx_word' id='word_1_34' title='bbox 947 528 1175 564; x_wconf 84' lang='lat' dir='ltr'>Berthold</span> <span class='ocrx_word' id='word_1_35' title='bbox 1202 528 1346 573; x_wconf 75' lang='lat' dir='ltr'>dicunt,</span> <span class='ocrx_word' id='word_1_36' title='bbox 1374 528 1419 562; x_wconf 86' lang='lat' dir='ltr'>ad</span> <span class='ocrx_word' id='word_1_37' title='bbox 1446 535 1637 562; x_wconf 80' lang='lat' dir='ltr'>extremam</span> <span class='ocrx_word' id='word_1_38' title='bbox 1663 528 1869 562; x_wconf 73' lang='lat' dir='ltr'>abdominis</span> <span class='ocrx_word' id='word_1_39' title='bbox 1894 537 2030 576; x_wconf 82' lang='lat' dir='ltr'>partem</span> <span class='ocrx_word' id='word_1_40' title='bbox 2055 544 2139 577; x_wconf 78' lang='lat' dir='ltr'>per-</span> 
     </span>
     <span class='ocr_line' id='line_1_5' title="bbox 368 589 2137 639; baseline -0.001 -12"><span class='ocrx_word' id='word_1_41' title='bbox 368 595 468 627; x_wconf 84' lang='lat' dir='ltr'>tinet.</span> <span class='ocrx_word' id='word_1_42' title='bbox 503 613 541 618; x_wconf 87' lang='lat'><strong>—</strong></span> <span class='ocrx_word' id='word_1_43' title='bbox 570 592 771 639; x_wconf 71' lang='lat' dir='ltr'>Longitudo</span> <span class='ocrx_word' id='word_1_44' title='bbox 801 592 875 626; x_wconf 87' lang='lat' dir='ltr'>eius</span> <span class='ocrx_word' id='word_1_45' title='bbox 900 591 1126 626; x_wconf 88' lang='lat' dir='ltr'>latitudinem</span> <span class='ocrx_word' id='word_1_46' title='bbox 1154 590 1272 625; x_wconf 80' lang='lat' dir='ltr'>decies</span> <span class='ocrx_word' id='word_1_47' title='bbox 1298 591 1352 624; x_wconf 81' lang='lat' dir='ltr'>vel</span> <span class='ocrx_word' id='word_1_48' title='bbox 1379 589 1573 624; x_wconf 79' lang='lat' dir='ltr'>duodecies</span> <span class='ocrx_word' id='word_1_49' title='bbox 1600 598 1755 637; x_wconf 78' lang='lat' dir='ltr'>superat,</span> <span class='ocrx_word' id='word_1_50' title='bbox 1781 604 1862 637; x_wconf 87' lang='lat' dir='ltr'>pars</span> <span class='ocrx_word' id='word_1_51' title='bbox 1885 593 2062 637; x_wconf 77' lang='lat' dir='ltr'>posterior</span> <span class='ocrx_word' id='word_1_52' title='bbox 2085 600 2137 626; x_wconf 86' lang='lat' dir='ltr'>at-</span> 
     </span>
     <span class='ocr_line' id='line_1_6' title="bbox 368 652 2134 701; baseline -0.001 -13"><span class='ocrx_word' id='word_1_53' title='bbox 368 662 513 689; x_wconf 83' lang='lat' dir='ltr'>tenuata</span> <span class='ocrx_word' id='word_1_54' title='bbox 547 655 584 689; x_wconf 88' lang='lat' dir='ltr'>in</span> <span class='ocrx_word' id='word_1_55' title='bbox 627 655 765 701; x_wconf 77' lang='lat' dir='ltr'>apicem</span> <span class='ocrx_word' id='word_1_56' title='bbox 809 654 975 688; x_wconf 84' lang='lat' dir='ltr'>obtusum</span> <span class='ocrx_word' id='word_1_57' title='bbox 1019 653 1098 687; x_wconf 81' lang='lat' dir='ltr'>exit.</span> <span class='ocrx_word' id='word_1_58' title='bbox 1174 653 1258 687; x_wconf 87' lang='lat' dir='ltr'>Pars</span> <span class='ocrx_word' id='word_1_59' title='bbox 1299 652 1460 686; x_wconf 86' lang='lat' dir='ltr'>anterior</span> <span class='ocrx_word' id='word_1_60' title='bbox 1496 652 1533 687; x_wconf 93' lang='lat' dir='ltr'>in</span> <span class='ocrx_word' id='word_1_61' title='bbox 1579 653 1916 700; x_wconf 76' lang='lat' dir='ltr'>cephalotboracem</span> <span class='ocrx_word' id='word_1_62' title='bbox 1961 654 2134 699; x_wconf 86' lang='lat' dir='ltr'>procedit.</span> 
     </span>
     <span class='ocr_line' id='line_1_7' title="bbox 369 713 2138 763; baseline -0.001 -13"><span class='ocrx_word' id='word_1_63' title='bbox 369 716 582 763; x_wconf 87' lang='lat' dir='ltr'>Superficies</span> <span class='ocrx_word' id='word_1_64' title='bbox 609 716 771 762; x_wconf 76' lang='lat' dir='ltr'>superior</span> <span class='ocrx_word' id='word_1_65' title='bbox 797 716 836 750; x_wconf 89' lang='lat' dir='ltr'>in</span> <span class='ocrx_word' id='word_1_66' title='bbox 862 715 1031 750; x_wconf 79' lang='lat' dir='ltr'>undecim</span> <span class='ocrx_word' id='word_1_67' title='bbox 1058 721 1259 762; x_wconf 61' lang='lat' dir='ltr'>segmenta,</span> <span class='ocrx_word' id='word_1_68' title='bbox 1295 726 1387 760; x_wconf 89' lang='lat' dir='ltr'>quae</span> <span class='ocrx_word' id='word_1_69' title='bbox 1411 713 1617 748; x_wconf 77' lang='lat' dir='ltr'>abdominis</span> <span class='ocrx_word' id='word_1_70' title='bbox 1644 715 1782 749; x_wconf 89' lang='lat' dir='ltr'>annulis</span> <span class='ocrx_word' id='word_1_71' title='bbox 1808 715 2047 761; x_wconf 68' lang='lat' dir='ltr'>respondent,</span> <span class='ocrx_word' id='word_1_72' title='bbox 2082 715 2138 749; x_wconf 90' lang='lat' dir='ltr'>di-</span> 
     </span>
     <span class='ocr_line' id='line_1_8' title="bbox 369 775 2139 823; baseline -0.001 -12"><span class='ocrx_word' id='word_1_73' title='bbox 369 778 441 812; x_wconf 64' lang='lat' dir='ltr'>visa</span> <span class='ocrx_word' id='word_1_74' title='bbox 469 785 503 811; x_wconf 91' lang='lat' dir='ltr'>et</span> <span class='ocrx_word' id='word_1_75' title='bbox 531 778 622 811; x_wconf 88' lang='lat' dir='ltr'>inter</span> <span class='ocrx_word' id='word_1_76' title='bbox 649 777 755 811; x_wconf 88' lang='lat' dir='ltr'>binos</span> <span class='ocrx_word' id='word_1_77' title='bbox 785 777 938 811; x_wconf 87' lang='lat' dir='ltr'>annulos</span> <span class='ocrx_word' id='word_1_78' title='bbox 970 777 1060 811; x_wconf 81' lang='lat' dir='ltr'>fossa</span> <span class='ocrx_word' id='word_1_79' title='bbox 1093 775 1249 823; x_wconf 86' lang='lat' dir='ltr'>quadam</span> <span class='ocrx_word' id='word_1_80' title='bbox 1281 783 1498 821; x_wconf 77' lang='lat' dir='ltr'>transversa,</span> <span class='ocrx_word' id='word_1_81' title='bbox 1531 776 1690 822; x_wconf 76' lang='lat' dir='ltr'>margine</span> <span class='ocrx_word' id='word_1_82' title='bbox 1727 776 1872 810; x_wconf 77' lang='lat' dir='ltr'>elatiore</span> <span class='ocrx_word' id='word_1_83' title='bbox 1908 775 2139 822; x_wconf 74' lang='lat' dir='ltr'>circumdata,</span> 
     </span>
     <span class='ocr_line' id='line_1_9' title="bbox 371 836 2139 884; baseline 0 -12"><span class='ocrx_word' id='word_1_84' title='bbox 371 839 541 872; x_wconf 81' lang='lat' dir='ltr'>instructa</span> <span class='ocrx_word' id='word_1_85' title='bbox 564 845 635 884; x_wconf 77' lang='lat' dir='ltr'>est3</span> <span class='ocrx_word' id='word_1_86' title='bbox 669 837 875 884; x_wconf 85' lang='lat' dir='ltr'>superficies</span> <span class='ocrx_word' id='word_1_87' title='bbox 903 837 1050 872; x_wconf 87' lang='lat' dir='ltr'>inferior</span> <span class='ocrx_word' id='word_1_88' title='bbox 1076 838 1227 872; x_wconf 89' lang='lat' dir='ltr'>omnino</span> <span class='ocrx_word' id='word_1_89' title='bbox 1255 837 1362 871; x_wconf 88' lang='lat' dir='ltr'>laevis</span> <span class='ocrx_word' id='word_1_90' title='bbox 1389 843 1450 870; x_wconf 88' lang='lat' dir='ltr'>est.</span> <span class='ocrx_word' id='word_1_91' title='bbox 1505 837 1587 870; x_wconf 81' lang='lat' dir='ltr'>Pars</span> <span class='ocrx_word' id='word_1_92' title='bbox 1613 836 1731 870; x_wconf 89' lang='lat' dir='ltr'>cordis</span> <span class='ocrx_word' id='word_1_93' title='bbox 1755 837 2012 883; x_wconf 72' lang='lat' dir='ltr'>abdominalis‚</span> <span class='ocrx_word' id='word_1_94' title='bbox 2047 850 2139 884; x_wconf 80' lang='lat' dir='ltr'>quae</span> 
     </span>
     <span class='ocr_line' id='line_1_10' title="bbox 369 898 2139 946; baseline 0 -13"><span class='ocrx_word' id='word_1_95' title='bbox 369 907 545 934; x_wconf 74' lang='lat' dir='ltr'>structura</span> <span class='ocrx_word' id='word_1_96' title='bbox 572 907 623 934; x_wconf 88' lang='lat' dir='ltr'>est</span> <span class='ocrx_word' id='word_1_97' title='bbox 649 900 836 933; x_wconf 87' lang='lat' dir='ltr'>musculari</span> <span class='ocrx_word' id='word_1_98' title='bbox 865 906 899 933; x_wconf 86' lang='lat' dir='ltr'>et</span> <span class='ocrx_word' id='word_1_99' title='bbox 925 900 1102 946; x_wconf 81' lang='lat' dir='ltr'>imprimis</span> <span class='ocrx_word' id='word_1_100' title='bbox 1125 899 1224 933; x_wconf 86' lang='lat' dir='ltr'>fibris</span> <span class='ocrx_word' id='word_1_101' title='bbox 1248 900 1455 933; x_wconf 87' lang='lat' dir='ltr'>transversis</span> <span class='ocrx_word' id='word_1_102' title='bbox 1480 899 1552 932; x_wconf 89' lang='lat' dir='ltr'>sive</span> <span class='ocrx_word' id='word_1_103' title='bbox 1579 898 1809 932; x_wconf 80' lang='lat' dir='ltr'>annularibus</span> <span class='ocrx_word' id='word_1_104' title='bbox 1838 900 2036 946; x_wconf 80' lang='lat' dir='ltr'>composita</span> <span class='ocrx_word' id='word_1_105' title='bbox 2065 912 2139 934; x_wconf 86' lang='lat' dir='ltr'>esse</span> 
     </span>
     <span class='ocr_line' id='line_1_11' title="bbox 368 959 2137 1007; baseline 0 -12"><span class='ocrx_word' id='word_1_106' title='bbox 368 961 536 1006; x_wconf 69' lang='lat' dir='ltr'>videtur,</span> <span class='ocrx_word' id='word_1_107' title='bbox 569 967 757 1007; x_wconf 77' lang='lat' dir='ltr'>tantopere</span> <span class='ocrx_word' id='word_1_108' title='bbox 792 960 933 995; x_wconf 85' lang='lat' dir='ltr'>extendi</span> <span class='ocrx_word' id='word_1_109' title='bbox 961 968 996 994; x_wconf 90' lang='lat' dir='ltr'>et</span> <span class='ocrx_word' id='word_1_110' title='bbox 1022 960 1187 995; x_wconf 78' lang='lat' dir='ltr'>contrahi</span> <span class='ocrx_word' id='word_1_111' title='bbox 1219 966 1362 1004; x_wconf 77' lang='lat' dir='ltr'>potest,</span> <span class='ocrx_word' id='word_1_112' title='bbox 1392 967 1431 993; x_wconf 90' lang='lat' dir='ltr'>ut</span> <span class='ocrx_word' id='word_1_113' title='bbox 1465 959 1575 1007; x_wconf 89' lang='lat' dir='ltr'>duplo</span> <span class='ocrx_word' id='word_1_114' title='bbox 1608 961 1686 1007; x_wconf 90' lang='lat' dir='ltr'>plus</span> <span class='ocrx_word' id='word_1_115' title='bbox 1721 959 1889 994; x_wconf 84' lang='lat' dir='ltr'>dilatetur</span> <span class='ocrx_word' id='word_1_116' title='bbox 1923 968 1957 995; x_wconf 89' lang='lat' dir='ltr'>et</span> <span class='ocrx_word' id='word_1_117' title='bbox 1983 962 2137 1007; x_wconf 84' lang='lat' dir='ltr'>parietes</span> 
     </span>
     <span class='ocr_line' id='line_1_12' title="bbox 368 1022 2135 1070; baseline 0.001 -13"><span class='ocrx_word' id='word_1_118' title='bbox 368 1023 480 1058; x_wconf 90' lang='lat' dir='ltr'>modo</span> <span class='ocrx_word' id='word_1_119' title='bbox 516 1024 714 1057; x_wconf 77' lang='lat' dir='ltr'>tenuissimi</span> <span class='ocrx_word' id='word_1_120' title='bbox 750 1022 861 1057; x_wconf 90' lang='lat' dir='ltr'>modo</span> <span class='ocrx_word' id='word_1_121' title='bbox 902 1024 984 1057; x_wconf 87' lang='lat' dir='ltr'>satis</span> <span class='ocrx_word' id='word_1_122' title='bbox 1009 1023 1113 1057; x_wconf 87' lang='lat' dir='ltr'>crassi</span> <span class='ocrx_word' id='word_1_123' title='bbox 1141 1022 1393 1068; x_wconf 73' lang='lat' dir='ltr'>inveniantur,</span> <span class='ocrx_word' id='word_1_124' title='bbox 1430 1029 1538 1069; x_wconf 91' lang='lat' dir='ltr'>prout</span> <span class='ocrx_word' id='word_1_125' title='bbox 1570 1035 1632 1057; x_wconf 93' lang='lat' dir='ltr'>cor</span> <span class='ocrx_word' id='word_1_126' title='bbox 1667 1023 1836 1070; x_wconf 79' lang='lat' dir='ltr'>sanguine</span> <span class='ocrx_word' id='word_1_127' title='bbox 1875 1024 2047 1069; x_wconf 89' lang='lat' dir='ltr'>repletum</span> <span class='ocrx_word' id='word_1_128' title='bbox 2078 1031 2135 1058; x_wconf 86' lang='lat' dir='ltr'>aut</span> 
     </span>
     <span class='ocr_line' id='line_1_13' title="bbox 368 1082 2138 1131; baseline 0 -11"><span class='ocrx_word' id='word_1_129' title='bbox 368 1098 519 1120; x_wconf 83' lang='lat' dir='ltr'>vacuum</span> <span class='ocrx_word' id='word_1_130' title='bbox 545 1086 600 1120; x_wconf 87' lang='lat' dir='ltr'>sit.</span> <span class='ocrx_word' id='word_1_131' title='bbox 625 1105 670 1110; x_wconf 88' lang='lat'><strong>—</strong></span> <span class='ocrx_word' id='word_1_132' title='bbox 705 1086 791 1119; x_wconf 69' lang='lat' dir='ltr'>Vasa</span> <span class='ocrx_word' id='word_1_133' title='bbox 816 1097 882 1119; x_wconf 90' lang='lat' dir='ltr'>nec</span> <span class='ocrx_word' id='word_1_134' title='bbox 910 1085 1073 1118; x_wconf 88' lang='lat' dir='ltr'>oriuntur</span> <span class='ocrx_word' id='word_1_135' title='bbox 1105 1096 1124 1118; x_wconf 92' lang='lat' dir='ltr'>a</span> <span class='ocrx_word' id='word_1_136' title='bbox 1152 1090 1253 1131; x_wconf 88' lang='lat' dir='ltr'>parte</span> <span class='ocrx_word' id='word_1_137' title='bbox 1290 1082 1409 1118; x_wconf 85' lang='lat' dir='ltr'>cordis</span> <span class='ocrx_word' id='word_1_138' title='bbox 1435 1083 1657 1119; x_wconf 88' lang='lat' dir='ltr'>abdominali</span> <span class='ocrx_word' id='word_1_139' title='bbox 1674 1112 1683 1130; x_wconf 75' lang='grc'>,</span> <span class='ocrx_word' id='word_1_140' title='bbox 1722 1097 1788 1119; x_wconf 87' lang='lat' dir='ltr'>nec</span> <span class='ocrx_word' id='word_1_141' title='bbox 1824 1086 1860 1118; x_wconf 91' lang='lat' dir='ltr'>in</span> <span class='ocrx_word' id='word_1_142' title='bbox 1894 1097 1971 1118; x_wconf 88' lang='lat' dir='ltr'>cam</span> <span class='ocrx_word' id='word_1_143' title='bbox 1999 1093 2138 1131; x_wconf 81' lang='lat' dir='ltr'>exeunt,</span> 
     </span>
     <span class='ocr_line' id='line_1_14' title="bbox 369 1145 2136 1194; baseline -0.001 -12"><span class='ocrx_word' id='word_1_144' title='bbox 369 1160 591 1194; x_wconf 80' lang='lat' dir='ltr'>quamquam</span> <span class='ocrx_word' id='word_1_145' title='bbox 619 1147 660 1180; x_wconf 93' lang='lat' dir='ltr'>cl.</span> <span class='ocrx_word' id='word_1_146' title='bbox 687 1145 832 1180; x_wconf 87' lang='lat' dir='ltr'>Gaede</span> <span class='ocrx_word' id='word_1_147' title='bbox 858 1158 894 1179; x_wconf 90' lang='lat' dir='ltr'>se</span> <span class='ocrx_word' id='word_1_148' title='bbox 921 1145 1126 1192; x_wconf 80' lang='lat' dir='ltr'>planissime</span> <span class='ocrx_word' id='word_1_149' title='bbox 1154 1145 1281 1191; x_wconf 70' lang='lat' dir='ltr'>quovis</span> <span class='ocrx_word' id='word_1_150' title='bbox 1310 1146 1346 1179; x_wconf 90' lang='lat' dir='ltr'>in</span> <span class='ocrx_word' id='word_1_151' title='bbox 1370 1153 1553 1193; x_wconf 77' lang='lat' dir='ltr'>segmento</span> <span class='ocrx_word' id='word_1_152' title='bbox 1579 1146 1698 1180; x_wconf 87' lang='lat' dir='ltr'>cordis</span> <span class='ocrx_word' id='word_1_153' title='bbox 1725 1159 1765 1181; x_wconf 88' lang='lat' dir='ltr'>ea</span> <span class='ocrx_word' id='word_1_154' title='bbox 1792 1147 2011 1193; x_wconf 77' lang='lat' dir='ltr'>perspexisse</span> <span class='ocrx_word' id='word_1_155' title='bbox 2039 1146 2136 1192; x_wconf 82' lang='lat' dir='ltr'>dicit,</span> 
     </span>
     <span class='ocr_line' id='line_1_15' title="bbox 368 1206 2140 1255; baseline -0.001 -13"><span class='ocrx_word' id='word_1_156' title='bbox 368 1216 399 1242; x_wconf 88' lang='lat' dir='ltr'>et</span> <span class='ocrx_word' id='word_1_157' title='bbox 429 1210 470 1243; x_wconf 87' lang='lat' dir='ltr'>cl.</span> <span class='ocrx_word' id='word_1_158' title='bbox 490 1209 629 1243; x_wconf 85' lang='lat' dir='ltr'>Berth</span> <span class='ocrx_word' id='word_1_159' title='bbox 643 1207 737 1253; x_wconf 82' lang='lat' dir='ltr'>old,</span> <span class='ocrx_word' id='word_1_160' title='bbox 766 1206 954 1254; x_wconf 87' lang='lat' dir='ltr'>quomodo</span> <span class='ocrx_word' id='word_1_161' title='bbox 982 1207 1071 1241; x_wconf 87' lang='lat' dir='ltr'>haec</span> <span class='ocrx_word' id='word_1_162' title='bbox 1094 1219 1174 1241; x_wconf 86' lang='lat' dir='ltr'>vasa</span> <span class='ocrx_word' id='word_1_163' title='bbox 1199 1206 1245 1241; x_wconf 88' lang='lat' dir='ltr'>ad</span> <span class='ocrx_word' id='word_1_164' title='bbox 1268 1206 1379 1254; x_wconf 87' lang='lat' dir='ltr'>pedes</span> <span class='ocrx_word' id='word_1_165' title='bbox 1405 1220 1519 1254; x_wconf 88' lang='lat' dir='ltr'>usque</span> <span class='ocrx_word' id='word_1_166' title='bbox 1548 1208 1582 1241; x_wconf 88' lang='lat' dir='ltr'>in</span> <span class='ocrx_word' id='word_1_167' title='bbox 1609 1208 1772 1255; x_wconf 86' lang='lat' dir='ltr'>corporis</span> <span class='ocrx_word' id='word_1_168' title='bbox 1794 1209 1963 1242; x_wconf 87' lang='lat' dir='ltr'>lateribus</span> <span class='ocrx_word' id='word_1_169' title='bbox 1989 1207 2140 1242; x_wconf 87' lang='lat' dir='ltr'>descen-</span> 
     </span>
     <span class='ocr_line' id='line_1_16' title="bbox 366 1269 2140 1315; baseline -0.001 -10"><span class='ocrx_word' id='word_1_170' title='bbox 366 1270 455 1305; x_wconf 85' lang='lat' dir='ltr'>dant</span> <span class='ocrx_word' id='word_1_171' title='bbox 482 1278 517 1304; x_wconf 85' lang='lat' dir='ltr'>et</span> <span class='ocrx_word' id='word_1_172' title='bbox 543 1283 624 1304; x_wconf 88' lang='lat' dir='ltr'>cum</span> <span class='ocrx_word' id='word_1_173' title='bbox 651 1269 855 1303; x_wconf 87' lang='lat' dir='ltr'>ovariorum</span> <span class='ocrx_word' id='word_1_174' title='bbox 882 1269 972 1303; x_wconf 76' lang='lat' dir='ltr'>vasis</span> <span class='ocrx_word' id='word_1_175' title='bbox 998 1280 1034 1302; x_wconf 90' lang='lat' dir='ltr'>se</span> <span class='ocrx_word' id='word_1_176' title='bbox 1062 1269 1307 1315; x_wconf 71' lang='lat' dir='ltr'>coniungant,</span> <span class='ocrx_word' id='word_1_177' title='bbox 1342 1276 1470 1303; x_wconf 87' lang='lat' dir='ltr'>narrat.</span> <span class='ocrx_word' id='word_1_178' title='bbox 1522 1269 1593 1303; x_wconf 85' lang='lat' dir='ltr'>Sed</span> <span class='ocrx_word' id='word_1_179' title='bbox 1623 1269 1712 1303; x_wconf 88' lang='lat' dir='ltr'>baec</span> <span class='ocrx_word' id='word_1_180' title='bbox 1746 1276 1797 1303; x_wconf 88' lang='lat' dir='ltr'>est</span> <span class='ocrx_word' id='word_1_181' title='bbox 1834 1269 1952 1303; x_wconf 90' lang='lat' dir='ltr'>cordis</span> <span class='ocrx_word' id='word_1_182' title='bbox 1975 1277 2140 1304; x_wconf 84' lang='lat' dir='ltr'>constru-</span> 
     </span>
     <span class='ocr_line' id='line_1_17' title="bbox 368 1330 2142 1378; baseline -0.001 -12"><span class='ocrx_word' id='word_1_183' title='bbox 368 1333 461 1366; x_wconf 83' lang='lat' dir='ltr'>ctio:</span> <span class='ocrx_word' id='word_1_184' title='bbox 489 1332 529 1366; x_wconf 90' lang='lat' dir='ltr'>In</span> <span class='ocrx_word' id='word_1_185' title='bbox 555 1344 774 1378; x_wconf 81' lang='lat' dir='ltr'>unaquaque</span> <span class='ocrx_word' id='word_1_186' title='bbox 802 1331 973 1364; x_wconf 82' lang='lat' dir='ltr'>fossarum</span> <span class='ocrx_word' id='word_1_187' title='bbox 1001 1331 1139 1365; x_wconf 86' lang='lat' dir='ltr'>illarum</span> <span class='ocrx_word' id='word_1_188' title='bbox 1166 1337 1465 1376; x_wconf 71' lang='lat' dir='ltr'>transversarium,</span> <span class='ocrx_word' id='word_1_189' title='bbox 1493 1343 1584 1377; x_wconf 77' lang='lat' dir='ltr'>quae</span> <span class='ocrx_word' id='word_1_190' title='bbox 1611 1331 1744 1365; x_wconf 76' lang='lat' dir='ltr'>linibus</span> <span class='ocrx_word' id='word_1_191' title='bbox 1773 1332 1942 1365; x_wconf 90' lang='lat' dir='ltr'>binorum</span> <span class='ocrx_word' id='word_1_192' title='bbox 1971 1330 2142 1365; x_wconf 89' lang='lat' dir='ltr'>abdomi-</span> 
     </span>
     <span class='ocr_line' id='line_1_18' title="bbox 366 1391 2136 1440; baseline 0 -14"><span class='ocrx_word' id='word_1_193' title='bbox 366 1393 422 1426; x_wconf 86' lang='lat' dir='ltr'>nis</span> <span class='ocrx_word' id='word_1_194' title='bbox 445 1393 660 1427; x_wconf 86' lang='lat' dir='ltr'>annulorum</span> <span class='ocrx_word' id='word_1_195' title='bbox 687 1391 945 1438; x_wconf 81' lang='lat' dir='ltr'>respondentes</span> <span class='ocrx_word' id='word_1_196' title='bbox 968 1391 1152 1437; x_wconf 82' lang='lat' dir='ltr'>superiore</span> <span class='ocrx_word' id='word_1_197' title='bbox 1182 1392 1217 1425; x_wconf 92' lang='lat' dir='ltr'>in</span> <span class='ocrx_word' id='word_1_198' title='bbox 1244 1391 1433 1438; x_wconf 85' lang='lat' dir='ltr'>superficie</span> <span class='ocrx_word' id='word_1_199' title='bbox 1461 1393 1547 1427; x_wconf 87' lang='lat' dir='ltr'>sitae</span> <span class='ocrx_word' id='word_1_200' title='bbox 1573 1400 1678 1438; x_wconf 78' lang='lat' dir='ltr'>sunt,</span> <span class='ocrx_word' id='word_1_201' title='bbox 1717 1394 1755 1427; x_wconf 91' lang='lat' dir='ltr'>in</span> <span class='ocrx_word' id='word_1_202' title='bbox 1793 1400 1949 1440; x_wconf 84' lang='lat' dir='ltr'>utroque</span> <span class='ocrx_word' id='word_1_203' title='bbox 1977 1393 2136 1440; x_wconf 84' lang='lat' dir='ltr'>margine</span> 
     </span>
     <span class='ocr_line' id='line_1_19' title="bbox 366 1452 2140 1501; baseline -0.001 -13"><span class='ocrx_word' id='word_1_204' title='bbox 366 1454 502 1488; x_wconf 88' lang='lat' dir='ltr'>laterali</span> <span class='ocrx_word' id='word_1_205' title='bbox 529 1466 635 1501; x_wconf 68' lang='lat' dir='ltr'>parva</span> <span class='ocrx_word' id='word_1_206' title='bbox 663 1454 752 1487; x_wconf 89' lang='lat' dir='ltr'>rima</span> <span class='ocrx_word' id='word_1_207' title='bbox 776 1453 953 1499; x_wconf 89' lang='lat' dir='ltr'>reperitur</span> <span class='ocrx_word' id='word_1_208' title='bbox 979 1459 1174 1487; x_wconf 87' lang='lat' dir='ltr'>transversa</span> <span class='ocrx_word' id='word_1_209' title='bbox 1202 1453 1298 1501; x_wconf 77' lang='lat' dir='ltr'>(Fig.</span> <span class='ocrx_word' id='word_1_210' title='bbox 1315 1453 1385 1488; x_wconf 89' lang='lat' dir='ltr'>IV.</span> <span class='ocrx_word' id='word_1_211' title='bbox 1408 1453 1457 1488; x_wconf 76' lang='grc' dir='ltr'>Γ.</span> <span class='ocrx_word' id='word_1_212' title='bbox 1473 1453 1541 1488; x_wconf 83' lang='lat' dir='ltr'>VI.</span> <span class='ocrx_word' id='word_1_213' title='bbox 1561 1452 1627 1498; x_wconf 57' lang='lat' dir='ltr'>(L),</span> <span class='ocrx_word' id='word_1_214' title='bbox 1642 1465 1707 1500; x_wconf 87' lang='lat' dir='ltr'>per</span> <span class='ocrx_word' id='word_1_215' title='bbox 1732 1465 1840 1499; x_wconf 85' lang='lat' dir='ltr'>quam</span> <span class='ocrx_word' id='word_1_216' title='bbox 1868 1452 1913 1487; x_wconf 92' lang='lat' dir='ltr'>ad</span> <span class='ocrx_word' id='word_1_217' title='bbox 1939 1452 2052 1499; x_wconf 81' lang='lat' dir='ltr'>ipsam</span> <span class='ocrx_word' id='word_1_218' title='bbox 2080 1464 2140 1486; x_wconf 89' lang='lat' dir='ltr'>ca-</span> 
     </span>
     <span class='ocr_line' id='line_1_20' title="bbox 366 1513 2137 1562; baseline -0.002 -11"><span class='ocrx_word' id='word_1_219' title='bbox 366 1516 512 1551; x_wconf 81' lang='lat' dir='ltr'>vitatem</span> <span class='ocrx_word' id='word_1_220' title='bbox 539 1515 658 1551; x_wconf 86' lang='lat' dir='ltr'>cordis</span> <span class='ocrx_word' id='word_1_221' title='bbox 685 1515 800 1550; x_wconf 90' lang='lat' dir='ltr'>aditus</span> <span class='ocrx_word' id='word_1_222' title='bbox 827 1522 888 1549; x_wconf 88' lang='lat' dir='ltr'>est.</span> <span class='ocrx_word' id='word_1_223' title='bbox 926 1515 1099 1562; x_wconf 80' lang='lat' dir='ltr'>Margines</span> <span class='ocrx_word' id='word_1_224' title='bbox 1126 1515 1290 1549; x_wconf 86' lang='lat' dir='ltr'>elatiores</span> <span class='ocrx_word' id='word_1_225' title='bbox 1317 1515 1443 1549; x_wconf 80' lang='lat' dir='ltr'>fossam</span> <span class='ocrx_word' id='word_1_226' title='bbox 1472 1522 1707 1549; x_wconf 85' lang='lat' dir='ltr'>transversam</span> <span class='ocrx_word' id='word_1_227' title='bbox 1736 1513 1999 1548; x_wconf 82' lang='lat' dir='ltr'>circumdantes</span> <span class='ocrx_word' id='word_1_228' title='bbox 2023 1515 2059 1548; x_wconf 89' lang='lat' dir='ltr'>in</span> <span class='ocrx_word' id='word_1_229' title='bbox 2085 1514 2137 1548; x_wconf 89' lang='lat' dir='ltr'>la·-</span> 
     </span>
     <span class='ocr_line' id='line_1_21' title="bbox 364 1567 2136 1624; baseline -0.002 -12"><span class='ocrx_word' id='word_1_230' title='bbox 364 1578 499 1612; x_wconf 83' lang='lat' dir='ltr'>teribus</span> <span class='ocrx_word' id='word_1_231' title='bbox 526 1578 636 1624; x_wconf 80' lang='lat' dir='ltr'>magis</span> <span class='ocrx_word' id='word_1_232' title='bbox 663 1577 823 1611; x_wconf 84' lang='lat' dir='ltr'>eminent</span> <span class='ocrx_word' id='word_1_233' title='bbox 843 1583 888 1621; x_wconf 73' lang='lat' dir='ltr'>et,</span> <span class='ocrx_word' id='word_1_234' title='bbox 915 1577 1125 1610; x_wconf 88' lang='lat' dir='ltr'>membrana</span> <span class='ocrx_word' id='word_1_235' title='bbox 1152 1576 1271 1610; x_wconf 86' lang='lat' dir='ltr'>cordis</span> <span class='ocrx_word' id='word_1_236' title='bbox 1298 1577 1466 1623; x_wconf 77' lang='lat' dir='ltr'>peculiari</span> <span class='ocrx_word' id='word_1_237' title='bbox 1494 1576 1645 1611; x_wconf 86' lang='lat' dir='ltr'>duarum</span> <span class='ocrx_word' id='word_1_238' title='bbox 1675 1567 1891 1610; x_wconf 76' lang='lat' dir='ltr'>valvularuin</span> <span class='ocrx_word' id='word_1_239' title='bbox 1920 1577 1955 1609; x_wconf 90' lang='lat' dir='ltr'>in</span> <span class='ocrx_word' id='word_1_240' title='bbox 1984 1576 2136 1609; x_wconf 81' lang='lat' dir='ltr'>sormam</span> 
     </span>
     <span class='ocr_line' id='line_1_22' title="bbox 365 1636 2133 1687; baseline -0.001 -14"><span class='ocrx_word' id='word_1_241' title='bbox 365 1639 458 1686; x_wconf 81' lang='lat' dir='ltr'>(Fig.</span> <span class='ocrx_word' id='word_1_242' title='bbox 483 1638 627 1687; x_wconf 73' lang='lat' dir='ltr'><em>Vllg.)</em></span> <span class='ocrx_word' id='word_1_243' title='bbox 657 1639 828 1672; x_wconf 86' lang='lat' dir='ltr'>introrsus</span> <span class='ocrx_word' id='word_1_244' title='bbox 855 1639 1003 1683; x_wconf 68' lang='lat' dir='ltr'>inflexa,</span> <span class='ocrx_word' id='word_1_245' title='bbox 1030 1638 1130 1685; x_wconf 83' lang='lat' dir='ltr'>quasi</span> <span class='ocrx_word' id='word_1_246' title='bbox 1158 1637 1230 1672; x_wconf 91' lang='lat' dir='ltr'>duo</span> <span class='ocrx_word' id='word_1_247' title='bbox 1258 1638 1352 1672; x_wconf 86' lang='lat' dir='ltr'>labia</span> <span class='ocrx_word' id='word_1_248' title='bbox 1379 1645 1626 1685; x_wconf 86' lang='lat' dir='ltr'>componunt,</span> <span class='ocrx_word' id='word_1_249' title='bbox 1660 1638 1792 1684; x_wconf 86' lang='lat' dir='ltr'>quibus</span> <span class='ocrx_word' id='word_1_250' title='bbox 1824 1638 1880 1671; x_wconf 82' lang='lat' dir='ltr'>illa</span> <span class='ocrx_word' id='word_1_251' title='bbox 1906 1638 1996 1671; x_wconf 88' lang='lat' dir='ltr'>rima</span> <span class='ocrx_word' id='word_1_252' title='bbox 2023 1636 2133 1671; x_wconf 90' lang='lat' dir='ltr'>corde</span> 
     </span>
     <span class='ocr_line' id='line_1_23' title="bbox 362 1699 2136 1747; baseline -0.001 -13"><span class='ocrx_word' id='word_1_253' title='bbox 362 1707 547 1734; x_wconf 88' lang='lat' dir='ltr'>contracto</span> <span class='ocrx_word' id='word_1_254' title='bbox 581 1713 725 1747; x_wconf 87' lang='lat' dir='ltr'>prorsus</span> <span class='ocrx_word' id='word_1_255' title='bbox 755 1699 993 1734; x_wconf 87' lang='lat' dir='ltr'>concluditur.</span> <span class='ocrx_word' id='word_1_256' title='bbox 1047 1699 1172 1734; x_wconf 86' lang='lat' dir='ltr'>Cordis</span> <span class='ocrx_word' id='word_1_257' title='bbox 1207 1706 1325 1734; x_wconf 83' lang='lat' dir='ltr'>autem</span> <span class='ocrx_word' id='word_1_258' title='bbox 1361 1701 1398 1734; x_wconf 89' lang='lat' dir='ltr'>in</span> <span class='ocrx_word' id='word_1_259' title='bbox 1433 1701 1580 1734; x_wconf 86' lang='lat' dir='ltr'>cavitate</span> <span class='ocrx_word' id='word_1_260' title='bbox 1613 1700 1707 1734; x_wconf 91' lang='lat' dir='ltr'>nulla</span> <span class='ocrx_word' id='word_1_261' title='bbox 1749 1699 2004 1746; x_wconf 83' lang='lat' dir='ltr'>dissepimenta</span> <span class='ocrx_word' id='word_1_262' title='bbox 2031 1711 2136 1745; x_wconf 87' lang='lat' dir='ltr'>repe-</span> 
     </span>
     <span class='ocr_line' id='line_1_24' title="bbox 362 1760 2133 1808; baseline -0.001 -13"><span class='ocrx_word' id='word_1_263' title='bbox 362 1762 515 1806; x_wconf 69' lang='lat' dir='ltr'>riantur,</span> <span class='ocrx_word' id='word_1_264' title='bbox 542 1762 673 1808; x_wconf 87' lang='lat' dir='ltr'>quibus</span> <span class='ocrx_word' id='word_1_265' title='bbox 700 1762 919 1795; x_wconf 88' lang='lat' dir='ltr'>Insectorum</span> <span class='ocrx_word' id='word_1_266' title='bbox 948 1761 1035 1795; x_wconf 80' lang='lat' dir='ltr'>vasis</span> <span class='ocrx_word' id='word_1_267' title='bbox 1060 1761 1209 1795; x_wconf 85' lang='lat' dir='ltr'>dorsalis</span> <span class='ocrx_word' id='word_1_268' title='bbox 1232 1762 1267 1796; x_wconf 89' lang='lat' dir='ltr'>in</span> <span class='ocrx_word' id='word_1_269' title='bbox 1295 1761 1445 1796; x_wconf 89' lang='lat' dir='ltr'>modum</span> <span class='ocrx_word' id='word_1_270' title='bbox 1473 1762 1677 1808; x_wconf 90' lang='lat' dir='ltr'>complures</span> <span class='ocrx_word' id='word_1_271' title='bbox 1701 1762 1738 1795; x_wconf 93' lang='lat' dir='ltr'>in</span> <span class='ocrx_word' id='word_1_272' title='bbox 1764 1761 1982 1795; x_wconf 87' lang='lat' dir='ltr'>ventriculos</span> <span class='ocrx_word' id='word_1_273' title='bbox 2004 1760 2133 1807; x_wconf 87' lang='lat' dir='ltr'>partita</span> 
     </span>
     <span class='ocr_line' id='line_1_25' title="bbox 361 1822 2134 1871; baseline -0.002 -13"><span class='ocrx_word' id='word_1_274' title='bbox 361 1825 417 1869; x_wconf 82' lang='lat' dir='ltr'>sit,</span> <span class='ocrx_word' id='word_1_275' title='bbox 443 1823 506 1858; x_wconf 86' lang='lat' dir='ltr'>sed</span> <span class='ocrx_word' id='word_1_276' title='bbox 533 1824 682 1871; x_wconf 82' lang='lat' dir='ltr'>simplex</span> <span class='ocrx_word' id='word_1_277' title='bbox 708 1824 817 1857; x_wconf 90' lang='lat' dir='ltr'>totius</span> <span class='ocrx_word' id='word_1_278' title='bbox 840 1823 959 1858; x_wconf 91' lang='lat' dir='ltr'>cordis</span> <span class='ocrx_word' id='word_1_279' title='bbox 984 1823 1113 1857; x_wconf 83' lang='lat' dir='ltr'>cavitas</span> <span class='ocrx_word' id='word_1_280' title='bbox 1139 1830 1200 1857; x_wconf 87' lang='lat' dir='ltr'>est.</span> <span class='ocrx_word' id='word_1_281' title='bbox 1242 1842 1288 1847; x_wconf 89' lang='lat'>--</span> <span class='ocrx_word' id='word_1_282' title='bbox 1324 1822 1393 1857; x_wconf 93' lang='lat' dir='ltr'>Cor</span> <span class='ocrx_word' id='word_1_283' title='bbox 1419 1824 1546 1870; x_wconf 84' lang='lat' dir='ltr'>quovis</span> <span class='ocrx_word' id='word_1_284' title='bbox 1577 1825 1613 1857; x_wconf 87' lang='lat' dir='ltr'>in</span> <span class='ocrx_word' id='word_1_285' title='bbox 1650 1822 1857 1857; x_wconf 86' lang='lat' dir='ltr'>abdominis</span> <span class='ocrx_word' id='word_1_286' title='bbox 1885 1822 2017 1856; x_wconf 89' lang='lat' dir='ltr'>annulo</span> <span class='ocrx_word' id='word_1_287' title='bbox 2044 1822 2134 1868; x_wconf 78' lang='lat' dir='ltr'>liga-</span> 
     </span>
     <span class='ocr_line' id='line_1_26' title="bbox 361 1883 2136 1932; baseline -0.002 -13"><span class='ocrx_word' id='word_1_288' title='bbox 361 1885 493 1919; x_wconf 88' lang='lat' dir='ltr'>mentis</span> <span class='ocrx_word' id='word_1_289' title='bbox 518 1886 802 1920; x_wconf 86' lang='lat' dir='ltr'>membranaceis</span> <span class='ocrx_word' id='word_1_290' title='bbox 828 1885 882 1919; x_wconf 91' lang='lat' dir='ltr'>vel</span> <span class='ocrx_word' id='word_1_291' title='bbox 908 1885 1179 1931; x_wconf 74' lang='lat' dir='ltr'>muscularibns,</span> <span class='ocrx_word' id='word_1_292' title='bbox 1208 1885 1370 1932; x_wconf 88' lang='lat' dir='ltr'>superius</span> <span class='ocrx_word' id='word_1_293' title='bbox 1397 1893 1506 1920; x_wconf 84' lang='lat' dir='ltr'>testae</span> <span class='ocrx_word' id='word_1_294' title='bbox 1533 1885 1776 1932; x_wconf 80' lang='lat' dir='ltr'>musculisque</span> <span class='ocrx_word' id='word_1_295' title='bbox 1803 1883 2016 1928; x_wconf 79' lang='lat' dir='ltr'>dorsalibus,</span> <span class='ocrx_word' id='word_1_296' title='bbox 2046 1883 2136 1917; x_wconf 80' lang='lat' dir='ltr'>infe-</span> 
     </span>
     <span class='ocr_line' id='line_1_27' title="bbox 359 1943 2133 1990; baseline -0.003 -9"><span class='ocrx_word' id='word_1_297' title='bbox 359 1947 433 1981; x_wconf 84' lang='lat' dir='ltr'>rius</span> <span class='ocrx_word' id='word_1_298' title='bbox 461 1953 579 1981; x_wconf 89' lang='lat' dir='ltr'>autem</span> <span class='ocrx_word' id='word_1_299' title='bbox 606 1947 839 1981; x_wconf 88' lang='lat' dir='ltr'>membranae</span> <span class='ocrx_word' id='word_1_300' title='bbox 863 1946 928 1980; x_wconf 88' lang='lat' dir='ltr'>sub</span> <span class='ocrx_word' id='word_1_301' title='bbox 958 1945 1067 1980; x_wconf 90' lang='lat' dir='ltr'>corde</span> <span class='ocrx_word' id='word_1_302' title='bbox 1096 1947 1131 1980; x_wconf 89' lang='lat' dir='ltr'>in</span> <span class='ocrx_word' id='word_1_303' title='bbox 1158 1945 1354 1981; x_wconf 84' lang='lat' dir='ltr'>abdomine</span> <span class='ocrx_word' id='word_1_304' title='bbox 1381 1953 1544 1980; x_wconf 87' lang='lat' dir='ltr'>extensae</span> <span class='ocrx_word' id='word_1_305' title='bbox 1571 1944 1714 1980; x_wconf 82' lang='lat' dir='ltr'>affixum</span> <span class='ocrx_word' id='word_1_306' title='bbox 1742 1951 1804 1979; x_wconf 87' lang='lat' dir='ltr'>est.</span> <span class='ocrx_word' id='word_1_307' title='bbox 1850 1944 2019 1978; x_wconf 79' lang='lat' dir='ltr'>Inseriora</span> <span class='ocrx_word' id='word_1_308' title='bbox 2045 1943 2133 1990; x_wconf 78' lang='lat' dir='ltr'>liga-</span> 
     </span>
     <span class='ocr_line' id='line_1_28' title="bbox 359 2005 2135 2056; baseline -0.002 -14"><span class='ocrx_word' id='word_1_309' title='bbox 359 2015 481 2043; x_wconf 86' lang='lat' dir='ltr'>menta</span> <span class='ocrx_word' id='word_1_310' title='bbox 507 2009 618 2055; x_wconf 76' lang='lat' dir='ltr'>magis</span> <span class='ocrx_word' id='word_1_311' title='bbox 643 2007 836 2042; x_wconf 86' lang='lat' dir='ltr'>tendinosa</span> <span class='ocrx_word' id='word_1_312' title='bbox 863 2008 961 2056; x_wconf 78' lang='lat' dir='ltr'>(Fig.</span> <span class='ocrx_word' id='word_1_313' title='bbox 977 2007 1170 2056; x_wconf 77' lang='lat' dir='ltr'>V.f.f.f.)</span> <span class='ocrx_word' id='word_1_314' title='bbox 1203 2016 1238 2042; x_wconf 83' lang='lat' dir='ltr'>et</span> <span class='ocrx_word' id='word_1_315' title='bbox 1264 2009 1509 2055; x_wconf 88' lang='lat' dir='ltr'>compluribus</span> <span class='ocrx_word' id='word_1_316' title='bbox 1541 2007 1732 2041; x_wconf 82' lang='lat' dir='ltr'>filamentis</span> <span class='ocrx_word' id='word_1_317' title='bbox 1775 2006 1961 2041; x_wconf 88' lang='lat' dir='ltr'>communi</span> <span class='ocrx_word' id='word_1_318' title='bbox 1990 2017 2030 2040; x_wconf 79' lang='lat' dir='ltr'>ex</span> <span class='ocrx_word' id='word_1_319' title='bbox 2060 2005 2135 2038; x_wconf 93' lang='lat' dir='ltr'>ori—</span> 
     </span>
     <span class='ocr_line' id='line_1_29' title="bbox 358 2066 2135 2117; baseline 0 -13"><span class='ocrx_word' id='word_1_320' title='bbox 358 2070 439 2116; x_wconf 73' lang='lat' dir='ltr'>gine</span> <span class='ocrx_word' id='word_1_321' title='bbox 468 2071 553 2104; x_wconf 85' lang='lat' dir='ltr'>ortis</span> <span class='ocrx_word' id='word_1_322' title='bbox 577 2070 778 2116; x_wconf 87' lang='lat' dir='ltr'>composita</span> <span class='ocrx_word' id='word_1_323' title='bbox 802 2070 947 2116; x_wconf 86' lang='lat' dir='ltr'>utrique</span> <span class='ocrx_word' id='word_1_324' title='bbox 976 2069 1094 2103; x_wconf 84' lang='lat' dir='ltr'>cordis</span> <span class='ocrx_word' id='word_1_325' title='bbox 1121 2070 1272 2117; x_wconf 82' lang='lat' dir='ltr'>margini</span> <span class='ocrx_word' id='word_1_326' title='bbox 1301 2070 1433 2104; x_wconf 89' lang='lat' dir='ltr'>laterali</span> <span class='ocrx_word' id='word_1_327' title='bbox 1461 2069 1640 2114; x_wconf 72' lang='lat' dir='ltr'>inferiori,</span> <span class='ocrx_word' id='word_1_328' title='bbox 1674 2069 1860 2115; x_wconf 85' lang='lat' dir='ltr'>superiora</span> <span class='ocrx_word' id='word_1_329' title='bbox 1884 2066 1985 2108; x_wconf 75' lang='lat' dir='ltr'>(ibid.</span> <span class='ocrx_word' id='word_1_330' title='bbox 2003 2079 2030 2102; x_wconf 81' lang='lat' dir='ltr'>e.</span> <span class='ocrx_word' id='word_1_331' title='bbox 2046 2079 2073 2102; x_wconf 87' lang='lat' dir='ltr'>e.</span> <span class='ocrx_word' id='word_1_332' title='bbox 2091 2071 2135 2104; x_wconf 74' lang='lat' dir='ltr'>e.)</span> 
     </span>
     <span class='ocr_line' id='line_1_30' title="bbox 362 2128 2140 2178; baseline -0.001 -15"><span class='ocrx_word' id='word_1_333' title='bbox 362 2132 557 2178; x_wconf 69' lang='lat' dir='ltr'>simplicia‚</span> <span class='ocrx_word' id='word_1_334' title='bbox 593 2130 805 2165; x_wconf 87' lang='lat' dir='ltr'>muscularia</span> <span class='ocrx_word' id='word_1_335' title='bbox 832 2131 868 2165; x_wconf 91' lang='lat' dir='ltr'>in</span> <span class='ocrx_word' id='word_1_336' title='bbox 896 2131 1020 2177; x_wconf 84' lang='lat' dir='ltr'>quavis</span> <span class='ocrx_word' id='word_1_337' title='bbox 1043 2132 1133 2165; x_wconf 79' lang='lat' dir='ltr'>fossa</span> <span class='ocrx_word' id='word_1_338' title='bbox 1156 2144 1262 2178; x_wconf 85' lang='lat' dir='ltr'>supra</span> <span class='ocrx_word' id='word_1_339' title='bbox 1288 2132 1415 2165; x_wconf 91' lang='lat' dir='ltr'>rimam</span> <span class='ocrx_word' id='word_1_340' title='bbox 1444 2131 1624 2165; x_wconf 86' lang='lat' dir='ltr'>lateralem</span> <span class='ocrx_word' id='word_1_341' title='bbox 1654 2129 1754 2164; x_wconf 87' lang='lat' dir='ltr'>cordi</span> <span class='ocrx_word' id='word_1_342' title='bbox 1784 2129 1998 2163; x_wconf 86' lang='lat' dir='ltr'>inseruntur.</span> <span class='ocrx_word' id='word_1_343' title='bbox 2053 2128 2140 2172; x_wconf 85' lang='lat' dir='ltr'>Qua</span> 
     </span>
     <span class='ocr_line' id='line_1_31' title="bbox 359 2191 2135 2240; baseline 0 -15"><span class='ocrx_word' id='word_1_344' title='bbox 359 2205 396 2226; x_wconf 85' lang='lat' dir='ltr'>re</span> <span class='ocrx_word' id='word_1_345' title='bbox 424 2192 553 2227; x_wconf 86' lang='lat' dir='ltr'>sactum</span> <span class='ocrx_word' id='word_1_346' title='bbox 581 2205 654 2227; x_wconf 81' lang='lat' dir='ltr'>esse</span> <span class='ocrx_word' id='word_1_347' title='bbox 681 2191 837 2237; x_wconf 75' lang='lat' dir='ltr'>videtur,</span> <span class='ocrx_word' id='word_1_348' title='bbox 870 2199 908 2226; x_wconf 89' lang='lat' dir='ltr'>ut</span> <span class='ocrx_word' id='word_1_349' title='bbox 936 2192 1024 2226; x_wconf 72' lang='lat' dir='ltr'>llaec</span> <span class='ocrx_word' id='word_1_350' title='bbox 1050 2193 1231 2226; x_wconf 84' lang='lat' dir='ltr'>lilamenta</span> <span class='ocrx_word' id='word_1_351' title='bbox 1257 2205 1338 2227; x_wconf 86' lang='lat' dir='ltr'>vasa</span> <span class='ocrx_word' id='word_1_352' title='bbox 1365 2205 1438 2227; x_wconf 85' lang='lat' dir='ltr'>esse</span> <span class='ocrx_word' id='word_1_353' title='bbox 1465 2199 1633 2240; x_wconf 88' lang='lat' dir='ltr'>putarent</span> <span class='ocrx_word' id='word_1_354' title='bbox 1661 2193 1708 2226; x_wconf 92' lang='lat' dir='ltr'>illi</span> <span class='ocrx_word' id='word_1_355' title='bbox 1735 2193 1947 2238; x_wconf 78' lang='lat' dir='ltr'>scriptores,</span> <span class='ocrx_word' id='word_1_356' title='bbox 1976 2203 2042 2226; x_wconf 87' lang='lat' dir='ltr'>nec</span> <span class='ocrx_word' id='word_1_357' title='bbox 2068 2204 2135 2225; x_wconf 89' lang='lat' dir='ltr'>ne-</span> 
     </span>
     <span class='ocr_line' id='line_1_32' title="bbox 358 2253 2135 2301; baseline -0.001 -13"><span class='ocrx_word' id='word_1_358' title='bbox 358 2253 432 2300; x_wconf 75' lang='lat' dir='ltr'>gari</span> <span class='ocrx_word' id='word_1_359' title='bbox 459 2261 597 2300; x_wconf 68' lang='lat' dir='ltr'>potest,</span> <span class='ocrx_word' id='word_1_360' title='bbox 632 2254 749 2301; x_wconf 89' lang='lat' dir='ltr'>primo</span> <span class='ocrx_word' id='word_1_361' title='bbox 777 2254 908 2287; x_wconf 87' lang='lat' dir='ltr'>intuitu</span> <span class='ocrx_word' id='word_1_362' title='bbox 935 2266 976 2287; x_wconf 88' lang='lat' dir='ltr'>ea</span> <span class='ocrx_word' id='word_1_363' title='bbox 1001 2266 1122 2287; x_wconf 87' lang='lat' dir='ltr'>revera</span> <span class='ocrx_word' id='word_1_364' title='bbox 1147 2266 1220 2287; x_wconf 84' lang='lat' dir='ltr'>esse</span> <span class='ocrx_word' id='word_1_365' title='bbox 1249 2254 1315 2287; x_wconf 91' lang='lat' dir='ltr'>illis</span> <span class='ocrx_word' id='word_1_366' title='bbox 1340 2254 1478 2289; x_wconf 87' lang='lat' dir='ltr'>similia.</span> <span class='ocrx_word' id='word_1_367' title='bbox 1542 2255 1752 2289; x_wconf 80' lang='lat' dir='ltr'>Extremitas</span> <span class='ocrx_word' id='word_1_368' title='bbox 1779 2266 1928 2300; x_wconf 86' lang='lat' dir='ltr'>quoque</span> <span class='ocrx_word' id='word_1_369' title='bbox 1955 2254 2135 2300; x_wconf 87' lang='lat' dir='ltr'>posterior</span> 
     </span>
     <span class='ocr_line' id='line_1_33' title="bbox 361 2314 1548 2361; baseline 0 -12"><span class='ocrx_word' id='word_1_370' title='bbox 361 2314 480 2349; x_wconf 82' lang='lat' dir='ltr'>cordis</span> <span class='ocrx_word' id='word_1_371' title='bbox 506 2316 698 2361; x_wconf 78' lang='lat' dir='ltr'>ligamento</span> <span class='ocrx_word' id='word_1_372' title='bbox 728 2315 917 2349; x_wconf 88' lang='lat' dir='ltr'>musculari</span> <span class='ocrx_word' id='word_1_373' title='bbox 944 2315 1114 2348; x_wconf 86' lang='lat' dir='ltr'>musculis</span> <span class='ocrx_word' id='word_1_374' title='bbox 1138 2314 1339 2349; x_wconf 86' lang='lat' dir='ltr'>dorsalibus</span> <span class='ocrx_word' id='word_1_375' title='bbox 1365 2315 1468 2351; x_wconf 80' lang='lat' dir='ltr'>affixa</span> <span class='ocrx_word' id='word_1_376' title='bbox 1487 2324 1548 2351; x_wconf 85' lang='lat' dir='ltr'>est.</span> 
     </span>
    </p>

    <p class='ocr_par' dir='ltr' id='par_1_3' title="bbox 357 2374 2139 2611">
     <span class='ocr_line' id='line_1_34' title="bbox 457 2374 2136 2423; baseline -0.001 -14"><span class='ocrx_word' id='word_1_377' title='bbox 457 2380 485 2416; x_wconf 89' lang='lat'>§.</span> <span class='ocrx_word' id='word_1_378' title='bbox 517 2378 572 2411; x_wconf 76' lang='lat'>16.</span> <span class='ocrx_word' id='word_1_379' title='bbox 628 2377 843 2412; x_wconf 71' lang='lat' dir='ltr'>dIembrana</span> <span class='ocrx_word' id='word_1_380' title='bbox 866 2376 972 2411; x_wconf 76' lang='lat' dir='ltr'>cordi</span> <span class='ocrx_word' id='word_1_381' title='bbox 996 2376 1199 2412; x_wconf 74' lang='lat' dir='ltr'>subiacens.</span> <span class='ocrx_word' id='word_1_382' title='bbox 1234 2396 1276 2401; x_wconf 94' lang='lat'>—-</span> <span class='ocrx_word' id='word_1_383' title='bbox 1315 2378 1387 2413; x_wconf 86' lang='lat' dir='ltr'>Sub</span> <span class='ocrx_word' id='word_1_384' title='bbox 1416 2378 1525 2412; x_wconf 87' lang='lat' dir='ltr'>corde</span> <span class='ocrx_word' id='word_1_385' title='bbox 1552 2385 1749 2413; x_wconf 85' lang='lat' dir='ltr'>transverse</span> <span class='ocrx_word' id='word_1_386' title='bbox 1781 2389 1845 2423; x_wconf 89' lang='lat' dir='ltr'>per</span> <span class='ocrx_word' id='word_1_387' title='bbox 1874 2383 1988 2411; x_wconf 88' lang='lat' dir='ltr'>totam</span> <span class='ocrx_word' id='word_1_388' title='bbox 2021 2374 2136 2410; x_wconf 89' lang='lat' dir='ltr'>abdo-</span> 
     </span>
     <span class='ocr_line' id='line_1_35' title="bbox 357 2438 2135 2487; baseline -0.001 -15"><span class='ocrx_word' id='word_1_389' title='bbox 357 2440 463 2473; x_wconf 86' lang='lat' dir='ltr'>minis</span> <span class='ocrx_word' id='word_1_390' title='bbox 490 2439 675 2473; x_wconf 83' lang='lat' dir='ltr'>cavitatem</span> <span class='ocrx_word' id='word_1_391' title='bbox 704 2439 914 2473; x_wconf 82' lang='lat' dir='ltr'>membrana</span> <span class='ocrx_word' id='word_1_392' title='bbox 940 2438 1117 2485; x_wconf 80' lang='lat' dir='ltr'>quaedam</span> <span class='ocrx_word' id='word_1_393' title='bbox 1155 2438 1251 2486; x_wconf 76' lang='lat' dir='ltr'>(Fig.</span> <span class='ocrx_word' id='word_1_394' title='bbox 1272 2438 1337 2473; x_wconf 86' lang='lat' dir='ltr'>IX.</span> <span class='ocrx_word' id='word_1_395' title='bbox 1356 2439 1402 2476; x_wconf 83' lang='lat' dir='ltr'>X.</span> <span class='ocrx_word' id='word_1_396' title='bbox 1420 2440 1487 2476; x_wconf 83' lang='lat' dir='ltr'>XI.</span> <span class='ocrx_word' id='word_1_397' title='bbox 1503 2441 1568 2482; x_wconf 85' lang='lat' dir='ltr'>M.)</span> <span class='ocrx_word' id='word_1_398' title='bbox 1601 2447 1742 2474; x_wconf 86' lang='lat' dir='ltr'>extensa</span> <span class='ocrx_word' id='word_1_399' title='bbox 1770 2446 1831 2473; x_wconf 88' lang='lat' dir='ltr'>est.</span> <span class='ocrx_word' id='word_1_400' title='bbox 1886 2440 1989 2487; x_wconf 88' lang='lat' dir='ltr'>Quae</span> <span class='ocrx_word' id='word_1_401' title='bbox 2018 2450 2135 2472; x_wconf 92' lang='lat' dir='ltr'>mem-</span> 
     </span>
     <span class='ocr_line' id='line_1_36' title="bbox 357 2499 2138 2548; baseline -0.002 -13"><span class='ocrx_word' id='word_1_402' title='bbox 357 2501 469 2535; x_wconf 84' lang='lat' dir='ltr'>brana</span> <span class='ocrx_word' id='word_1_403' title='bbox 491 2501 557 2535; x_wconf 85' lang='lat' dir='ltr'>sub</span> <span class='ocrx_word' id='word_1_404' title='bbox 586 2499 695 2534; x_wconf 87' lang='lat' dir='ltr'>corde</span> <span class='ocrx_word' id='word_1_405' title='bbox 723 2507 757 2534; x_wconf 91' lang='lat' dir='ltr'>et</span> <span class='ocrx_word' id='word_1_406' title='bbox 782 2512 888 2547; x_wconf 85' lang='lat' dir='ltr'>supra</span> <span class='ocrx_word' id='word_1_407' title='bbox 916 2501 1124 2534; x_wconf 85' lang='lat' dir='ltr'>intestinum</span> <span class='ocrx_word' id='word_1_408' title='bbox 1152 2500 1245 2545; x_wconf 70' lang='lat' dir='ltr'>sita,</span> <span class='ocrx_word' id='word_1_409' title='bbox 1277 2501 1342 2534; x_wconf 85' lang='lat' dir='ltr'>sub</span> <span class='ocrx_word' id='word_1_410' title='bbox 1371 2503 1538 2536; x_wconf 90' lang='lat' dir='ltr'>musculis</span> <span class='ocrx_word' id='word_1_411' title='bbox 1570 2501 1771 2537; x_wconf 88' lang='lat' dir='ltr'>dorsalibus</span> <span class='ocrx_word' id='word_1_412' title='bbox 1807 2508 1842 2535; x_wconf 90' lang='lat' dir='ltr'>et</span> <span class='ocrx_word' id='word_1_413' title='bbox 1874 2513 1979 2548; x_wconf 88' lang='lat' dir='ltr'>supra</span> <span class='ocrx_word' id='word_1_414' title='bbox 2020 2499 2138 2533; x_wconf 83' lang='lat' dir='ltr'>ovaria</span> 
     </span>
     <span class='ocr_line' id='line_1_37' title="bbox 359 2561 2139 2611; baseline -0.002 -13"><span class='ocrx_word' id='word_1_415' title='bbox 359 2562 405 2598; x_wconf 86' lang='lat' dir='ltr'>ad</span> <span class='ocrx_word' id='word_1_416' title='bbox 432 2564 613 2598; x_wconf 75' lang='lat' dir='ltr'>musculos</span> <span class='ocrx_word' id='word_1_417' title='bbox 636 2574 751 2609; x_wconf 83' lang='lat' dir='ltr'>usque</span> <span class='ocrx_word' id='word_1_418' title='bbox 778 2563 964 2610; x_wconf 85' lang='lat' dir='ltr'>utriusque</span> <span class='ocrx_word' id='word_1_419' title='bbox 990 2563 1108 2597; x_wconf 79' lang='lat' dir='ltr'>lateris</span> <span class='ocrx_word' id='word_1_420' title='bbox 1134 2561 1312 2609; x_wconf 75' lang='lat' dir='ltr'>procedit,</span> <span class='ocrx_word' id='word_1_421' title='bbox 1343 2569 1377 2596; x_wconf 92' lang='lat' dir='ltr'>et</span> <span class='ocrx_word' id='word_1_422' title='bbox 1400 2563 1456 2598; x_wconf 91' lang='lat' dir='ltr'>his</span> <span class='ocrx_word' id='word_1_423' title='bbox 1484 2564 1569 2611; x_wconf 89' lang='lat' dir='ltr'>ipsis</span> <span class='ocrx_word' id='word_1_424' title='bbox 1593 2564 1762 2598; x_wconf 86' lang='lat' dir='ltr'>musculis</span> <span class='ocrx_word' id='word_1_425' title='bbox 1785 2562 1951 2598; x_wconf 82' lang='lat' dir='ltr'>adiacens</span> <span class='ocrx_word' id='word_1_426' title='bbox 1970 2568 2139 2607; x_wconf 77' lang='lat' dir='ltr'>arctoque</span> 
     </span>
    </p>
   </div>
  </div>
 </body>
</html>
