2419 2972
1129 309 1375 346 -52-

381 414 548 447 bulorum
577 413 777 456 minorum,
811 421 930 457 neque
959 409 997 443 in
1027 409 1163 443 maiore
1188 406 1304 441 fistula
1326 405 1580 452 dissepinienta
1606 407 1852 454 reperiuntur,
1885 415 1925 442 ut
1947 420 1989 442 ex
2015 408 2141 442 harum

380 474 535 520 partium
561 472 802 518 descriptione
838 468 1051 504 Sehaeffe
1065 469 1100 502 ri
1126 468 1161 511 (l.
1190 481 1221 502 c.
1238 481 1273 514 p.
1295 469 1365 508 80.)
1404 467 1672 515 intelligendum
1707 468 1856 502 ridetur.
1922 470 2017 504 Inter
2040 470 2143 504 ovula

383 538 419 570 in
448 536 560 570 fistula
588 536 652 569 sita
679 533 859 568 interdum
886 544 1037 566 massam
1066 530 1248 578 quandam
1274 530 1390 576 reperi
1412 530 1562 576 griseam
1588 537 1622 563 et
1644 530 1862 576 coagulatam
1890 532 2022 570 (semen
2044 532 2143 565 virile

382 597 555 642 forsitan),
579 610 649 644 qua
679 596 782 630 ovula
809 595 877 629 sibi
903 593 1004 629 valde
1030 592 1318 640 appropinquata
1342 591 1470 624 arctius
1497 591 1688 625 coniuncta
1716 598 1826 625 erant.

477 660 572 693 Alius
600 671 748 706 quoque
775 656 1032 692 observationis
1058 654 1236 688 hocloco
1269 653 1405 687 mentio
1440 652 1601 687 facienda
1636 660 1697 687 est.
1749 654 1783 689 Si
1818 654 1962 687 tubulos
1995 654 2143 700 aliquot,

380 722 483 756 ovula
510 721 666 755 recentia
689 732 730 754 ac
762 731 864 753 rosea
897 718 1145 761 continentes,
1179 727 1272 761 aqua
1304 714 1465 761 perfusos
1499 714 1739 761 microscopio
1773 715 2028 760 subiiciebam,
2061 727 2143 750 mox

380 783 516 817 vitellus
541 783 611 816 cito
636 794 677 815 ac
702 781 934 815 vehementer
957 778 1179 812 tumescebat
1204 783 1239 810 et
1255 776 1387 821 subito,
1412 782 1584 822 tanquam
1601 782 1845 822 tegumentum
1861 776 2045 823 quoddam
2063 789 2146 823 per-

379 844 547 890 fringens,
571 855 711 877 summa
736 843 768 876 vi
796 855 836 875 ex
852 848 993 875 tumore
1017 839 1133 873 tubuli
1155 838 1306 885 globoso
1336 837 1372 870 in
1394 837 1491 870 hunc
1506 837 1620 883 ipsum
1639 837 1915 882 propellebatur,
1929 850 2042 884 usque
2059 837 2145 872 dum

381 906 572 940 dimidium
600 906 671 939 sere
699 905 789 938 illius
815 909 1023 937 evacuatum
1057 907 1158 935 esset.
1217 898 1327 933 Citius
1361 899 1467 933 etiam
1503 905 1537 933 et
1569 898 1816 933 vehementius
1849 900 1920 934 hoc
1953 901 2087 946 evenit,
2120 901 2147 934 si

379 982 445 1015 pro
474 981 567 1014 aqua
592 967 665 1001 vini
691 966 834 1013 spiritus
861 964 1043 998 adhibitus
1066 969 1151 997 erat.
1202 962 1278 996 Hoc
1306 961 1588 1007 experimentum
1619 961 1775 1007 primum
1804 961 1951 1007 quidem
1967 962 2148 1008 praeclare

376 1029 535 1065 ostendit
560 1036 771 1064 structuram
799 1038 987 1073 granosam
1014 1025 1143 1069 vitelli,
1179 1030 1213 1057 et
1244 1023 1391 1070 granula
1426 1023 1562 1069 singula
1595 1023 1842 1069 magnitudine
1870 1022 1941 1056 fere
1966 1024 2147 1070 sanguinis

375 1092 670 1139 corpusculorum
706 1102 779 1124 esse
814 1088 1047 1131 videbantur,
1080 1093 1157 1120 tum
1191 1091 1310 1119 autem
1340 1084 1411 1118 hoc
1442 1085 1690 1131 experimento
1718 1085 1799 1118 satis
1826 1084 1915 1118 mihi
1942 1096 2149 1130 persuasum

376 1162 445 1199 est,
480 1154 637 1188 vitellum
667 1152 875 1186 membrana
901 1149 1049 1196 propria
1082 1147 1290 1181 conclusum
1325 1157 1418 1191 esse,
1452 1158 1544 1192 quae
1578 1159 1651 1180 non
1687 1158 1801 1192 aeque
1834 1158 1874 1180 ac
1908 1145 2043 1180 vitellus
2075 1147 2150 1193 ipse

374 1229 469 1264 aqua
495 1214 716 1250 extendatur.
787 1212 952 1246 Ceterum
981 1211 1119 1245 vitellus
1148 1209 1283 1255 Apodis
1308 1208 1377 1242 hac
1402 1220 1461 1253 re,
1497 1207 1597 1254 quod
1620 1208 1657 1241 in
1684 1220 1777 1254 aqua
1803 1214 1837 1241 ct
1863 1208 1899 1241 in
1926 1208 1998 1241 vini
2026 1208 2151 1254 spiritu

374 1278 553 1322 tumescit,
582 1277 733 1310 omnino
762 1274 881 1309 differi
906 1274 950 1308 ab
978 1272 1111 1308 Astaci
1140 1283 1291 1305 ovorum
1318 1270 1450 1315 vitello,
1478 1270 1552 1316 qui,
1579 1276 1616 1304 ut
1647 1270 1845 1304 observavit
1863 1269 1915 1304 Ill.
1932 1269 2151 1315 Ratl1ke*),

374 1339 440 1375 his'
459 1340 496 1373 in
521 1338 725 1385 liquoribus
751 1336 916 1370 durescit.

474 1400 673 1435 Undecimo
702 1399 738 1432 in
765 1397 927 1444 comonis
954 1395 1085 1430 annulo
1112 1394 1228 1428 fistula
1255 1393 1373 1428 media
1399 1406 1605 1440 processum
1635 1394 1706 1427 sive
1734 1394 1891 1427 canalem
1919 1394 2027 1427 latum
2045 1395 2151 1428 emit-

375 1466 430 1510 tit,
458 1464 520 1511 qui
547 1463 677 1496 sensim
706 1466 903 1495 coarctatus
930 1459 1021 1492 inter
1048 1457 1227 1491 musculos
1253 1456 1413 1490 laterales
1440 1463 1474 1490 et
1499 1456 1672 1490 ventrales
1696 1456 1731 1489 in
1758 1454 1990 1489 undecimum
2018 1456 2149 1502 pedem

378 1527 565 1572 utriusque
592 1523 710 1558 lateris
735 1528 899 1569 penetrat
922 1527 957 1554 et
978 1531 1093 1566 prope
1120 1519 1185 1552 sub
1219 1530 1306 1552 coxa
1334 1518 1370 1552 in
1405 1523 1504 1563 parte
1538 1515 1641 1562 pedis
1675 1516 1873 1562 posteriore
1909 1516 1978 1549 exit
2012 1515 2105 1556 (Tul)
2123 1516 2150 1551 l.

375 1589 449 1637 Fig
463 1587 538 1622 IV.
557 1586 598 1622 Ο.
626 1585 668 1619 cs.
692 1583 890 1618 Schacff.
916 1582 1001 1616 Tab.
1017 1582 1072 1617 lv,
1102 1581 1322 1627 Fig.111.g.i.
1364 1579 1466 1613 Hunc
1491 1590 1556 1625 per
1581 1578 1740 1611 canalem
1771 1577 1874 1611 ovula
1901 1577 1937 1610 in
1964 1577 2059 1611 illam
2091 1589 2150 1612 ca-

378 1651 515 1698 psulam
548 1648 716 1692 veniunt,
751 1658 822 1693 qua
850 1644 983 1692 pedum
1010 1642 1242 1677 undecimum
1269 1653 1334 1688 par
1360 1641 1571 1675 instructum
1597 1647 1648 1674 est
1672 1643 1844 1684 (v-§.1.),
1875 1639 1937 1673 sed
1966 1639 2143 1673 orificium

377 1711 508 1746 canalis
535 1710 627 1743 illius
655 1715 840 1742 externum
868 1719 942 1740 non
968 1705 1044 1752 ipsa
1071 1704 1108 1738 in
1134 1704 1202 1738 hac
1229 1704 1384 1750 capsula,
1410 1702 1473 1736 sed
1500 1714 1605 1748 supra
1632 1714 1710 1735 eam
1737 1701 1843 1735 situm
1871 1708 1933 1735 est.
1987 1701 2146 1735 Forsitan

374 1780 413 1808 ut
436 1772 571 1807 facilius
599 1770 702 1804 ovula
728 1769 965 1815 expellantur,
993 1766 1142 1800 musculi
1170 1766 1239 1810 illi,
1266 1765 1328 1812 qui
1357 1765 1517 1798 ovarium
1545 1765 1643 1798 lateri
1671 1763 1834 1811 affigunt,
1861 1762 2038 1808 efficiunt,
2065 1775 2146 1797 nani

374 1834 512 1868 fistulae
540 1833 751 1867 membrana
786 1831 862 1876 ipsa
892 1829 1009 1863 tenuis
1047 1835 1098 1861 est
1133 1834 1167 1861 et
1193 1826 1452 1860 nuiscularibus
1491 1825 1590 1860 fibris
1623 1838 1743 1860 carere
1778 1824 1928 1860 videtur.
1982 1823 2146 1859 Ceterum

377 1895 555 1930 orificium
583 1901 768 1928 externum
796 1891 906 1926 modo
935 1901 1080 1937 prorsus
1106 1895 1290 1936 apertum,
1326 1887 1437 1922 modo
1474 1895 1562 1922 testa
1599 1901 1730 1922 cornea
1765 1895 1799 1922 et
1824 1895 1895 1922 tam
1923 1885 2034 1921 solida
2059 1898 2148 1920 con-

377 1958 513 1992 clusum
542 1962 604 2000 est,
630 1962 668 1988 ut
693 1952 837 1988 difficile
866 1953 1074 2000 reperiatur.

478 2017 627 2063 Propria
652 2016 756 2062 igitur
779 2015 896 2048 ovaria
923 2013 1070 2060 Apodis,
1097 2013 1133 2046 in
1162 2011 1293 2058 quibus
1320 2011 1422 2046 ovula
1448 2018 1694 2058 procreantur,
1722 2011 1958 2045 extremitates
1983 2015 2065 2043 sunt
2090 2016 2147 2042 tu-

380 2082 549 2116 bulorum
577 2079 781 2122 minorum,
821 2077 859 2110 hi
887 2076 1001 2110 tubuli
1030 2075 1096 2121 ipsi
1127 2080 1208 2108 sunt
1235 2072 1422 2107 oviductus
1449 2074 1519 2107 sive
1546 2074 1675 2118 tubae,
1712 2073 1746 2106 in
1776 2073 1906 2119 quibus
1932 2071 2034 2105 ovula
2061 2077 2147 2104 testa

381 2151 523 2177 externa
548 2141 744 2176 vestiuntur
765 2165 775 2184 ,
809 2145 843 2172 et
865 2138 910 2172 ad
940 2138 1094 2171 fistulam
1121 2136 1295 2170 maiorem
1330 2134 1566 2169 deducuntur.
1618 2135 1710 2169 Haec
1738 2134 1885 2181 quidem
1912 2145 1992 2179 pars
2019 2131 2148 2166 ovida-

383 2211 479 2238 cluill
507 2214 739 2238 communem
767 2200 892 2244 refert,
925 2199 987 2246 qui
1020 2198 1139 2231 multis
1171 2197 1208 2231 in
1232 2197 1374 2231 Insectis
1401 2197 1596 2243 reperitur,
1630 2209 1741 2243 quum
1769 2202 1886 2229 autem
1915 2194 1950 2227 iu
1975 2206 2015 2228 ea
2044 2194 2147 2228 ovula

380 2265 514 2300 diutius
539 2270 707 2298 maneant
730 2269 765 2296 et
790 2262 861 2295 hoc
888 2260 1033 2294 denium
1062 2260 1141 2293 loco
1170 2258 1310 2304 impleri
1336 2257 1534 2303 videantur,
1562 2259 1687 2292 melius
1709 2265 1828 2292 uterus
1852 2255 1923 2289 sive
1939 2262 2146 2302 receptacu-

379 2327 455 2360 lum
482 2337 632 2359 ovorum
659 2325 839 2358 internum
868 2320 1047 2355 nominari
1072 2326 1201 2366 potest.
1240 2320 1404 2366 Denique
1432 2321 1581 2365 canalis,
1605 2321 1667 2367 qui
1694 2333 1713 2354 e
1735 2319 1850 2353 fistula
1876 2318 2013 2352 maiore
2041 2317 2146 2351 emis-

379 2402 436 2423 sus
463 2388 499 2422 in
524 2386 618 2434 pede
644 2386 838 2420 undecimo
868 2384 949 2428 exit,
973 2382 1096 2429 vagina
1125 2388 1186 2416 est.
1225 2381 1365 2426 Quibus
1393 2382 1561 2416 omnibus
1586 2381 1746 2428 partibus
1770 2376 2145 2426 receptaculunfiovo-

378 2463 457 2485 rum
485 2456 669 2483 externum
696 2447 904 2481 adiunctum
932 2451 992 2479 est.

445 2585 480 2620 ἃ)
502 2580 769 2620 Unici-suchungcu
791 2578 864 2608 siber
886 2577 932 2607 die
957 2576 1162 2618 Bildungnnd
1184 2576 1392 2615 Entwicklung
1419 2576 1471 2606 des
1494 2575 1710 2606 Flusskrchses.
1733 2575 1829 2614 Leipz.
1853 2574 1938 2603 Voss.
1965 2570 2051 2602 1829.
2068 2578 2095 2609 p.
2115 2570 2142 2599 5.
