2419 2972
368 411 483 440 ctatur
509 405 603 453 (Fig.
621 404 691 445 Il.).
728 402 943 440 Membrana
970 406 1114 440 interna
1141 403 1240 445 (ibid.
1252 406 1297 445 J.)
1326 416 1422 438 nunc
1448 402 1654 448 embryonis
1681 404 1841 449 corporis
1868 403 2001 438 formae
2026 405 2131 451 plane

369 466 732 511 accommodataest,
759 473 793 500 et
819 465 1062 512 magnitudine
1089 478 1196 500 ovum
1221 466 1334 500 multo
1363 471 1515 512 superat.
1552 463 1774 513 Emhryonis
1798 477 1927 512 corpus
1954 473 2056 500 ovata
2083 473 2135 501 est

368 527 494 571 forma,
522 539 674 574 opaeum
698 535 732 562 et
759 527 862 561 oculo
891 527 991 574 nigro
1019 527 1230 561 instructum
1259 527 1357 568 (ibid.
1388 527 1452 566 0.).
1505 525 1619 560 Pedes
1647 526 1812 559 natatorii
1841 525 1938 566 (ibid.
1960 527 2025 571 B),
2052 528 2134 562 setis

374 589 559 633 instructi,
590 596 624 623 et
650 590 812 636 eorporis
837 589 1005 623 lateribus
1031 588 1150 623 adhuc
1176 589 1456 636 appropinquati
1483 589 1527 623 ab
1557 588 1701 623 animali
1735 589 1907 623 continuo
1935 596 2135 635 moventur,

373 650 474 696 quod
501 657 540 684 ut
567 651 731 685 ultimum
765 651 987 685 involucrum
1022 650 1237 698 perfringat,
1278 651 1446 685 omuibus
1483 650 1617 684 viribus
1648 651 1782 685 nititur.
1833 650 1967 684 Tamen
1994 652 2135 697 quoties

372 711 466 746 hanc
493 713 733 746 evolutionem
763 713 965 758 observavi9
991 712 1122 746 animal
1149 713 1216 746 hac
1241 713 1278 746 in
1303 711 1512 746 conditione
1540 712 1741 758 complures
1765 725 1830 759 per
1848 713 1954 746 horas
1980 719 2039 746 aut
2063 713 2134 747 diei

371 786 436 820 per
464 773 655 808 dimidium
682 775 833 819 mansit,
870 773 987 808 donec
1012 773 1159 808 tandem
1196 773 1405 807 membrana
1440 773 1530 806 rima
1552 774 1772 808 transversali
1799 781 1921 821 aperta
1948 780 2022 819 est,
2061 786 2134 821 quo

369 835 461 869 facto
489 834 575 869 illud
601 836 719 870 statim
745 834 899 882 pedibus
926 835 1110 869 natatoriis
1135 835 1285 870 fortibus
1315 842 1419 870 utens
1452 835 1543 869 laete
1576 834 1612 868 in
1640 846 1733 881 aqua
1766 842 1886 869 natare
1925 837 2054 883 coepit.
2087 858 2136 865 —

369 897 480 931 Huius
507 897 726 932 conditionis
754 897 868 931 foetus
895 897 1118 931 mentionem
1146 896 1295 944 quidem
1321 910 1395 931 non
1423 896 1765 941 fecitschaesfer,
1791 909 1902 943 quum
1928 910 2012 932 vero
2041 910 2136 932 sem-

370 971 437 1005 per
462 971 481 993 a
508 971 565 993 me
593 960 777 993 observata
803 959 858 1004 sit,
886 965 920 992 et
946 971 1027 992 cum
1054 971 1097 992 eo
1123 971 1319 1005 congruere
1346 958 1530 1003 videatur,
1557 958 1663 1005 quod
1685 958 1721 992 in
1749 959 1951 993 evolutione
1977 959 2137 995 Lernen-

370 1019 502 1055 darum
529 1020 752 1067 quarundam
790 1020 989 1054 observavit
1014 1019 1277 1055 Nordmann
1300 1022 1352 1065 ³²),
1389 1019 1573 1066 propriam
1613 1020 1643 1053 ei
1679 1026 1816 1066 partem
1853 1020 1889 1054 in
1924 1021 2138 1055 evolutionis

371 1081 519 1116 historia
542 1081 771 1116 tribuendam
799 1093 874 1115 esse
900 1081 1032 1128 putavi.

375 1291 428 1314 Ab
450 1291 621 1315 animalis
642 1296 686 1314 ex
703 1296 769 1314 ovo
788 1296 978 1321 progressu
996 1295 1111 1320 usque
1131 1289 1179 1313 acl
1198 1289 1446 1313 θνοίιιίίοιιοηι
1466 1289 1664 1319 primorum
1684 1288 1818 1318 pedum
1837 1289 2138 1315 abdominalium.

1050 1370 1106 1395 Ταῦ.
1127 1370 1172 1395 IV.
1201 1369 1254 1403 Fls).
1276 1370 1360 1395 ΙΙΙ-
1377 1370 1449 1395 VIII.

473 1473 500 1509 §.
524 1467 582 1504 42.
634 1468 743 1517 Apus
765 1469 929 1505 iuvenilis
957 1469 1051 1517 (Fig.
1074 1470 1178 1514 HL),
1207 1469 1235 1503 si
1263 1481 1303 1503 ex
1330 1470 1387 1504 ovi
1415 1471 1632 1505 membranis
1658 1483 1862 1519 progressus
1889 1478 1960 1516 est,
1995 1472 2138 1506 animali

373 1529 495 1566 adulto
519 1531 575 1565 vix
601 1530 724 1564 similis
751 1537 811 1564 est.
849 1530 978 1564 Totum
1008 1530 1082 1564 eius
1110 1542 1240 1577 eorpus
1265 1537 1317 1564 est
1343 1531 1463 1566 colore
1489 1544 1607 1578 roseo,
1634 1532 1748 1566 forma
1775 1538 1889 1577 ovata,
1917 1533 2139 1567 extremitate

373 1592 573 1639 posteriore
597 1591 789 1626 rotundata
814 1592 868 1626 vel
893 1592 1038 1638 paulum
1064 1599 1201 1626 tantum
1231 1593 1448 1639 emarginata
1471 1606 1513 1628 eo
1541 1595 1642 1640 loco,
1669 1607 1742 1642 quo
1769 1607 1855 1629 anus
1883 1593 1983 1635 (ibid.
2016 1594 2066 1634 T.)
2092 1593 2140 1627 si-

372 1660 429 1687 tus
456 1660 516 1687 est.
568 1652 687 1688 Pedes
713 1651 961 1688 abdominales
988 1652 1074 1686 nulli
1101 1653 1370 1700 conspiciuntur
1396 1661 1431 1689 et
1457 1656 1608 1690 obscure
1642 1663 1780 1691 tantum
1808 1657 1844 1690 in
1871 1655 2050 1690 anteriore
2077 1655 2141 1688 ab-

374 1713 532 1748 dominis
558 1720 657 1760 parte
681 1713 801 1747 annuli
828 1712 977 1760 quidam
1004 1713 1166 1748 incisuris
1192 1727 1318 1761 parum
1344 1716 1532 1762 profundis
1559 1717 1812 1765 significantur.
1863 1716 2010 1752 Solitum
2033 1717 2140 1750 breve

375 1776 537 1822 corporis
562 1774 754 1809 dimidium
779 1781 918 1810 tantum
945 1775 1031 1822 tegit
1057 1782 1092 1809 et
1118 1787 1239 1823 margo
1269 1777 1343 1812 eius
1370 1780 1547 1825 posterior
1572 1792 1699 1826 parum
1728 1780 1963 1826 emarginatus
1990 1784 2050 1812 est.
2100 1777 2139 1811 Iu

375 1837 675 1883 ceplialothorace
701 1835 774 1871 duo
797 1835 930 1884 pedum
953 1838 1064 1884 paria
1087 1838 1368 1884 conspiciuntur.
1419 1840 1539 1876 Pedes
1564 1843 1768 1876 anteriores
1794 1839 1892 1881 (ibid.
1918 1839 1981 1880 A.)
2010 1845 2044 1873 et
2070 1838 2139 1872 mi-

376 1911 481 1933 nores
507 1910 526 1932 e
551 1905 639 1933 testa
665 1897 817 1933 dimidio
845 1899 1016 1944 eminent,
1043 1906 1078 1933 et
1103 1900 1216 1934 tribus
1242 1901 1335 1946 setis,
1363 1900 1501 1936 duabus
1526 1903 1769 1949 longioribus,
1797 1914 1866 1935 una
1892 1900 2056 1935 breviore
2079 1911 2142 1933 co-

379 1961 497 1994 ronati
522 1967 615 1995 sunt.
656 1960 894 2007 Reperiuntur
919 1960 957 1995 hi
984 1960 1096 2007 pedes
1119 1962 1157 1996 in
1182 1961 1309 1996 adultis
1336 1975 1484 2010 quoque
1508 1963 1731 2008 animalibus,
1752 1961 1814 1996 sed
1840 1960 1989 1996 marcidi
2016 1967 2050 1994 et
2075 1960 2144 1993 im-

378 2022 527 2066 minuti,
565 2034 636 2068 qua
663 2034 700 2055 re
727 2034 746 2055 a
772 2022 934 2068 plurimis
960 2022 1194 2069 scriptoribus
1220 2030 1397 2057 antennae
1425 2025 1601 2058 nominati
1629 2032 1719 2058 sunt.
1781 2023 1900 2059 Pedes
1922 2023 2145 2070 posteriores

379 2082 479 2119 (ibid.
509 2084 576 2128 B),
603 2083 668 2117 illis
694 2084 861 2130 proximi,
887 2083 1111 2131 longitudine
1134 2091 1249 2119 totum
1278 2098 1409 2132 corpus
1432 2093 1600 2133 superant
1627 2086 1944 2133 compluribusque
1972 2083 2054 2117 setis
2081 2094 2145 2117 na-

378 2146 517 2180 tatoriis
544 2145 703 2179 instructi
731 2152 822 2179 sunt.
874 2146 953 2181 Non
979 2147 1105 2192 procul
1131 2159 1152 2181 a
1178 2146 1337 2194 margine
1364 2147 1489 2194 capitis
1512 2148 1691 2181 anteriore
1720 2154 1801 2181 ante
1827 2144 2031 2180 intestinum
2056 2154 2146 2178 ocu-

381 2207 439 2242 lus
465 2208 564 2254 niger
591 2214 625 2241 et
650 2205 825 2240 rotundus
853 2207 1082 2254 conspicitur.

477 2270 506 2306 §.
532 2265 590 2302 43.
642 2267 751 2301 Paulo
780 2273 918 2300 tantum
946 2267 1076 2301 animal
1103 2267 1197 2316 (Fig.
1217 2268 1321 2314 IV.)‚
1347 2275 1539 2316 postquam
1566 2269 1675 2303 semel
1703 2275 1819 2302 cutem
1844 2265 2011 2313 deposuit
2027 2292 2038 2311 ,
2064 2278 2144 2300 mu-

381 2334 495 2363 tatum
521 2335 587 2374 cst3
614 2340 743 2375 eorpus
770 2328 880 2375 magis
901 2328 1144 2375 pellucidum,
1172 2335 1207 2364 et
1228 2331 1406 2377 posterior
1433 2330 1507 2365 eius
1532 2341 1614 2377 pars
1641 2330 1751 2376 magis
1778 2335 1983 2374 attenuata,
2011 2340 2051 2363 ex
2076 2339 2147 2375 qua

442 2506 477 2541 ᾗ)
505 2504 779 2544 Mikrographische
809 2505 947 2547 Beitriige
976 2515 1028 2537 zur
1051 2507 1316 2548 Naturgeschichte
1351 2508 1404 2538 der
1434 2507 1621 2538 wirbcllosen
1653 2506 1768 2536 Tliicrc.
1805 2505 1912 2536 Berlin.
1939 2504 2026 2534 1839.
2059 2502 2086 2532 P.
2113 2501 2146 2531 11.

507 2558 577 2588 Ταῦ.
600 2558 646 2588 lv.
