2419 2972
1111 307 1360 344 ...46-

352 418 408 445 tae
436 423 510 445 csse
538 409 703 444 videntur
727 407 825 449 (ibid.
854 406 919 452 c.)‚
944 419 1036 454 quae
1061 418 1176 453 paene
1199 404 1379 452 pellucida
1405 411 1476 449 est,
1504 411 1539 438 et
1565 405 1789 451 pigmentum
1817 404 2001 452 quoddam
2031 405 2121 440 luci-

353 472 433 507 dius
461 485 534 505 esse
560 470 711 505 videtur.
741 489 784 495 —
816 470 1038 515 Corporibus
1064 468 1183 502 vitreis
1204 467 1308 500 insita
1335 473 1386 500 est
1411 467 1532 500 tunica
1559 479 1691 501 cornea
1711 479 1816 513 quae,
1843 474 1881 500 ut
1905 468 1973 501 iam
2000 468 2125 501 obser-

353 532 721 576 vavitSehaefscr,
754 531 841 564 nihil
880 530 946 564 nisi
976 529 1085 576 ipsius
1119 534 1229 562 testae
1255 527 1417 574 eorporis
1446 533 1609 561 externae
1636 539 1717 574 pars
1741 526 1917 573 quaedam
1945 527 2123 573 pellucida

355 603 417 640 est,
444 606 555 641 quare
582 593 641 639 fit,
668 601 706 627 ut
732 605 802 627 una
829 605 910 626 eum
938 591 995 625 illa
1023 591 1112 624 haee
1139 602 1288 637 quoque
1316 588 1538 635 deponatur,
1567 596 1602 623 et
1628 590 1692 623 sub
1720 589 1845 623 eadem
1869 601 1974 635 saepe
2000 602 2125 624 recens

351 657 563 690 membrana
588 654 797 689 tenuissima
825 653 1032 699 reperiatur.
1093 652 1134 686 Et
1161 650 1197 684 id
1222 657 1423 684 memoratu
1451 650 1597 697 dignum
1625 650 1784 695 videtur,
1823 651 1924 698 quod
1951 652 2040 686 haee
2068 664 2124 686 re-

352 730 435 752 cens
462 717 673 751 membrana
701 715 859 761 margine
887 714 1001 748 soluta
1028 719 1080 747 est
1114 719 1148 746 et
1174 725 1192 746 a
1219 719 1319 758 parte
1355 718 1465 745 testae
1500 713 1651 746 recentis
1685 713 1887 747 circumsita
1923 713 2024 747 facile
2052 713 2125 747 ‹lis-

351 779 449 825 iungi
476 784 617 825 potest,
651 777 698 810 ita
723 783 763 810 ut
788 776 877 810 haec
903 782 1012 809 testae
1045 786 1125 820 pars
1155 774 1303 820 proprio
1340 772 1452 807 modo
1486 773 1634 807 existere
1670 781 1705 807 et
1732 775 1843 808 serius
1870 774 2017 809 demum
2043 787 2124 809 eum

352 847 468 875 cetera
494 846 595 886 parte
621 839 819 872 coalescere
843 837 1015 871 videatur.
1034 854 1079 860 —
1106 835 1177 870 Sed
1205 848 1247 869 eo
1279 847 1428 881 quoque
1456 834 1591 881 Apodis
1617 835 1737 868 tunica
1765 847 1896 869 cornea
1925 835 1969 869 ab
1998 834 2126 869 eadem

352 908 453 948 parte
479 901 630 935 aliorum
649 898 919 933 Crustaceorum
949 897 1243 944 lnsectorumque
1270 897 1401 941 differt,
1428 895 1529 943 quod
1555 909 1628 930 non
1658 897 1861 941 cancellata,
1888 895 1950 930 sed
1973 897 2125 931 omnino

352 963 460 997 laevis
488 969 550 997 est.
604 960 769 995 Ceterum
798 961 874 1006 ipsa
909 959 1046 1006 ubique
1077 958 1204 994 eadem
1240 965 1292 992 est
1325 957 1583 1003 crassitudine,
1613 956 1675 991 sed
1710 957 1854 991 tenuior
1880 970 1989 1004 quam
2016 965 2127 992 testae

351 1036 432 1070 pars
460 1023 674 1058 circumsita.

451 1086 553 1120 Oculi
580 1091 662 1119 sunt
687 1083 899 1118 renisormes
925 1088 961 1116 et
985 1094 1111 1116 eorum
1138 1082 1223 1115 situs
1249 1079 1426 1114 eiusmodi
1456 1087 1518 1125 651,
1545 1087 1584 1114 ut
1608 1081 1783 1127 margines
1806 1081 2023 1127 posteriores
2044 1082 2126 1115 lon-

350 1149 426 1195 gius
452 1149 546 1181 inter
575 1159 612 1180 se
636 1145 793 1190 distent,
830 1155 938 1190 quam
973 1144 1170 1177 anteriores
1206 1149 1240 1177 et
1267 1155 1347 1176 axes
1373 1142 1649 1189 longitudinales
1676 1142 1946 1189 superficierum
1974 1143 2127 1176 renisor-

352 1211 464 1244 mium
493 1208 661 1255 angulum
689 1207 761 1241 fere
788 1206 967 1252 sexaginta
993 1204 1166 1252 graduum
1192 1211 1426 1251 componant.
1466 1204 1580 1238 Locus
1607 1216 1730 1238 eorum
1751 1216 1911 1238 summus
1938 1216 2012 1237 non
2041 1216 2128 1250 pro-

354 1272 408 1305 cul
436 1272 479 1305 ab
508 1268 789 1316 emarginatione
816 1266 1000 1301 reniformi
1026 1267 1194 1313 marginis
1221 1267 1350 1300 interni
1377 1266 1514 1312 positus
1538 1273 1589 1299 est
1612 1273 1646 1299 et
1669 1266 1815 1312 angulus
1841 1265 2042 1312 superficiei
2064 1277 2130 1299 an-

352 1333 463 1367 terior
490 1331 688 1378 posteriore
716 1329 897 1375 simulque
924 1340 1045 1375 margo
1074 1328 1225 1362 interior
1251 1328 1427 1362 exteriore
1455 1327 1599 1361 inferius
1624 1328 1709 1361 situs
1737 1334 1798 1361 est.
1840 1326 1921 1370 Qua
1944 1339 1981 1360 re
2010 1326 2129 1372 primo

353 1395 484 1430 intuitu
511 1393 639 1440 aliquis
665 1398 786 1439 putet,
813 1391 912 1424 facile
942 1390 1019 1424 lieri
1045 1402 1171 1437 posse7
1207 1396 1246 1424 ut
1275 1389 1400 1424 eadem
1429 1402 1485 1423 res
1512 1389 1616 1423 simul
1643 1389 1678 1422 in
1705 1389 1891 1435 utriusque
1919 1387 2012 1421 oculi
2039 1400 2129 1421 eon-

353 1463 515 1503 spectum
542 1455 671 1499 veniat‚
699 1465 773 1500 quo
801 1451 982 1498 duplicem
1010 1452 1061 1486 rei
1089 1451 1282 1499 imaginem
1311 1451 1457 1486 animali
1481 1449 1635 1497 produci
1661 1462 1804 1484 necesse
1831 1449 1887 1494 sit,
1913 1455 1953 1483 ut
1975 1448 2131 1483 demon-

352 1517 474 1552 stravit
500 1517 548 1550 lll.
573 1515 772 1550 Mueller
784 1515 829 1556 ³⁹).
867 1513 1002 1547 Tamen
1029 1514 1118 1548 haec
1145 1513 1346 1558 difficultas,
1375 1513 1585 1560 praesertim
1613 1512 1640 1546 si
1668 1524 1722 1546 res
1750 1511 1913 1545 obiectae
1942 1523 2017 1545 non
2044 1522 2132 1556 pro-

356 1579 411 1613 eul
439 1579 483 1613 ab
511 1577 624 1612 oculis
646 1583 806 1611 remotae
833 1582 936 1620 suut,
963 1581 998 1609 et
1024 1588 1216 1610 nervorum
1243 1576 1447 1622 optieorum
1478 1573 1678 1608 directione
1706 1579 1741 1607 et
1767 1572 1953 1607 oculorum
1981 1571 2050 1605 situ
2077 1583 2134 1605 re-

355 1641 503 1687 supino,
535 1652 607 1687 qua
634 1652 672 1674 re
699 1650 853 1685 corpora
889 1637 1000 1671 vitrea
1026 1644 1060 1671 et
1092 1637 1130 1671 in
1162 1637 1341 1671 anteriore
1378 1643 1412 1670 et
1448 1636 1485 1669 in
1520 1635 1691 1669 interiore
1724 1634 1912 1668 oculorum
1952 1639 2052 1680 parte
2090 1631 2136 1666 ad

354 1700 656 1748 perpendiculum
683 1700 754 1734 fere
780 1705 984 1746 ponuntur,
1018 1699 1095 1733 tolli
1123 1698 1274 1733 videtur.
1337 1699 1523 1733 Praeterea
1550 1697 1666 1741 oculi,
1702 1696 1834 1742 quibus
1872 1694 2003 1729 animal
2030 1695 2134 1739 longe

356 1763 488 1807 videat,
515 1762 588 1809 apti
612 1774 686 1796 esse
714 1774 789 1795 non
814 1760 994 1805 videntur,
1022 1759 1124 1807 quod
1151 1772 1170 1794 e
1197 1760 1298 1794 conis
1323 1760 1443 1793 vitreis
1469 1758 1637 1792 brevibus
1657 1757 1807 1803 latisque
1835 1763 1870 1790 et
1887 1769 1927 1790 ex
1946 1756 2131 1802 pigmento

360 1825 503 1859 illorum
531 1823 738 1858 inferiorem
764 1829 903 1856 tantum
930 1828 1070 1868 partem
1105 1821 1351 1856 circumdante
1384 1820 1531 1867 intelligi
1567 1826 1695 1866 potest.
1757 1817 1922 1853 Ceterum
1947 1816 2134 1850 oculorum

363 1893 397 1921 et
423 1887 512 1920 haee
538 1884 739 1932 proprietas
766 1890 800 1917 et
825 1883 911 1917 situs
937 1895 1017 1917 cum
1046 1883 1117 1917 vita
1144 1890 1179 1917 et
1205 1890 1307 1917 motu
1329 1883 1376 1923 m)
1412 1882 1618 1916 animalium
1654 1881 1804 1914 omnino
1838 1878 2025 1922 convenit,
2059 1877 2136 1923 ple-

364 1960 518 1995 rumque
554 1947 649 1981 enim
681 1946 797 1992 capite
831 1945 986 1979 demisso
1015 1952 1048 1979 et
1081 1945 1277 1979 abdomine
1310 1945 1416 1991 paulo
1452 1944 1566 1977 levato
1603 1949 1744 1989 praeter
1778 1941 1975 1988 marginem
2008 1938 2062 1972 vel
2098 1938 2133 1971 in

364 2009 475 2043 fundo
504 2008 674 2042 fossarum
704 2014 846 2051 natant,
882 2014 915 2040 et
943 2007 1010 2041 lata
1038 2007 1350 2053 eephalothoraeis
1376 2013 1463 2040 testa
1491 2005 1615 2039 limum
1644 2002 1850 2037 suffodiunt.
1904 1999 2137 2035 Memorabile

366 2078 484 2105 autem
512 2070 583 2104 hoe
608 2081 684 2103 esse
712 2068 859 2102 videtur.
928 2068 1192 2103 Demonstravit
1219 2067 1367 2115 quidem
1404 2068 1451 2102 lll.
1480 2066 1665 2101 Mueller
1683 2064 1769 2108 ΨΜ),
1803 2062 1977 2110 quodque
2005 2061 2138 2095 animal

365 2139 502 2179 partem
529 2131 687 2177 aliquam
711 2130 874 2176 corporis
895 2131 948 2165 sui
985 2130 1095 2176 ipsius
1126 2142 1269 2176 semper
1294 2136 1375 2164 ante
1403 2129 1526 2163 oeulos
1552 2127 1684 2160 habeat
1711 2137 1854 2159 necesse
1882 2135 1979 2167 esse,
2017 2129 2055 2156 ut
2083 2122 2139 2155 in-

366 2201 421 2227 ter
446 2192 700 2227 diversissimas
727 2191 898 2237 imagines
921 2191 1032 2225 oeulis
1055 2191 1248 2237 productas
1284 2191 1358 2237 ipse
1388 2202 1424 2224 se
1459 2194 1671 2235 cognoseat,
1705 2185 1936 2231 ostenditque
1971 2184 2056 2218 huie
2086 2183 2138 2217 rei

368 2255 531 2301 plurimis
564 2255 599 2288 in
627 2253 770 2288 Insectis
796 2253 967 2300 prodesse
1001 2259 1195 2298 antennas3
1228 2259 1350 2286 tamen
1379 2258 1501 2286 nostro
1537 2251 1574 2285 in
1607 2250 1751 2284 animali
1785 2255 1819 2282 et
1853 2246 2040 2281 oculorum
2069 2246 2136 2279 situ

428 2447 464 2482 ¹>f)
485 2445 543 2475 Zur
564 2443 815 2483 voi-gleichenden
837 2444 1026 2484 Pliysiologie
1052 2443 1104 2473 des
1128 2442 1378 2473 Gesiclussinnes.
1402 2450 1430 2480 p.
1450 2441 1521 2471 2375.

410 2503 466 2539 Ἠ·)
491 2502 533 2532 t'l'.
554 2501 624 2531 ibid.
647 2510 676 2540 p.
698 2501 768 2531 36¹).

387 2562 464 2597 “fij
487 2560 529 2590 (λ’.
554 2560 623 2590 ibid.
647 2569 674 2599 p.
700 2559 772 2589 559.
