2419 2972
1028 315 1173 353 -ffl
1228 335 1268 339 --

390 411 424 441 Α.
449 410 609 441 Filamenta
623 432 631 444 ,
654 418 728 448 qnae
752 409 833 438 varie
858 409 934 438 inter
953 416 986 438 se
1008 407 1166 437 coniuncta
1199 407 1281 447 quasi
1304 407 1420 447 plagam
1447 407 1592 447 quandam
1615 411 1803 448 componunt.
1824 427 1860 431 —
1879 406 1913 437 B.
1936 408 2034 438 Butlac

390 463 533 502 quaedam
558 463 826 499 membranaceae,
860 470 956 490 massa
990 460 1077 490 rubra
1108 461 1247 500 repletae.
1279 480 1317 485 —
1356 461 1398 491 ΒΖ
1427 462 1563 492 Vesicula
1602 461 1659 492 duo
1682 472 1772 511 parva
1799 471 1924 501 corpora
1948 463 2034 492 rubra

391 519 556 548 continens.

267 600 432 638 Figura
458 599 599 630 xvn.
645 597 880 636 sanguinis
901 597 1124 628 eir-cuitus.
1169 594 1227 631 (Cf.
1251 598 1279 631 ἕ.
1305 595 1380 632 53.)

349 663 473 703 Animal,
498 664 580 702 quasi
601 663 638 692 sit
660 661 847 701 pellucidum,
866 670 882 690 a
905 660 998 690 latere
1020 659 1198 690 delineatum
1221 664 1275 697 est,
1298 665 1328 691 ut
1352 665 1429 692 totus
1452 664 1605 701 sanguinis
1628 663 1767 692 circuitus
1793 663 1974 693 ostendatur.

392 729 421 758 S.
446 730 564 759 Scutum
587 726 747 763 reflexum,
779 730 810 756 ut
840 726 1011 765 superficies
1044 727 1106 756 cius
1132 726 1255 756 inferior
1278 728 1486 766 conspiciatur.
1510 747 1549 752 -
1573 728 1609 758 B.
1632 729 1713 758 Vena
1739 728 1919 759 branchialis
1943 729 2040 757 lateris

392 783 512 812 sinistri.
539 800 578 804 -—
602 779 627 810 b.
652 780 769 810 Canalis
792 781 866 810 scuti
889 781 982 818 impar
1006 782 1035 811 in
1060 780 1136 810 linea
1159 781 1295 811 mediana
1320 783 1383 811 eius
1405 782 1487 812 situs.
1518 801 1555 805 —
1586 782 1623 812 D.
1647 783 1763 812 Arteria
1788 782 1978 812 branchialis.
2005 801 2041 804 ——

394 833 431 863 M.
456 833 635 869 Membrana,
662 842 736 871 quae
759 833 914 862 cavitatem
938 833 1104 864 abdominis
1128 836 1156 865 in
1180 837 1335 866 cavitatem
1360 837 1542 875 superiorem
1566 835 1634 873 (K.)
1658 840 1686 865 et
1710 837 1880 866 inferiorem
1906 836 1971 873 (L.)
1995 837 2043 865 ‹li-

392 887 471 917 vidit.
493 906 529 909 -
554 887 584 915 C.
609 886 713 916 Cordis
736 887 915 917 ventriculus
938 897 1078 918 venosus.
1104 907 1132 913 -
1166 889 1201 919 A.
1230 890 1335 920 Cordis
1358 891 1540 920 ventriculus
1564 887 1748 920 arteriosus‘
1764 909 1802 915 —-
1823 891 1857 920 E.
1883 891 2043 929 Sanguinis

394 941 487 977 rivuli,
509 941 556 978 qui
579 941 682 970 oculos
708 940 776 978 (0.)
801 942 984 972 circumdant
1009 947 1038 972 et
1059 952 1145 982 supra
1167 953 1327 983 processus
1349 944 1503 974 ventriculi
1536 944 1730 984 glandulosos
1760 946 1928 975 decurrunt.
1950 964 1989 968 —
2013 945 2043 973 F.

391 995 548 1033 Sanguinis
578 995 658 1024 rivus
680 1004 733 1033 per
758 995 890 1024 canalem
914 996 1170 1027 membranaceum
1201 997 1237 1027 ad
1260 1002 1373 1037 partem
1407 998 1541 1036 eorporis
1572 997 1744 1027 inferiorem
1779 998 1975 1027 descendens.
2000 1016 2038 1020 —

394 1048 428 1077 Ν.
453 1048 638 1084 Membrana,
662 1058 736 1087 quae
762 1049 835 1078 labri
858 1051 1012 1080 cavitatem
1037 1051 1065 1080 in
1092 1052 1248 1082 cavitatem
1272 1053 1455 1091 superiorem
1478 1056 1506 1081 et
1530 1052 1701 1082 inferiorem
1725 1051 1837 1082 dividit.
1862 1070 1901 1075 —
1925 1051 1957 1081 G.
1983 1052 2042 1081 Ca-

391 1102 467 1131 nalis
490 1102 516 1131 in
539 1102 663 1132 ventrali
686 1106 767 1141 parte
792 1104 926 1142 corporis
951 1106 1044 1142 situs7
1078 1106 1251 1145 sanguinein
1274 1106 1397 1145 pedibus
1420 1106 1580 1136 adducens.
1605 1125 1643 1129 —
1668 1106 1696 1135 J.
1720 1106 1879 1145 Sanguinis
1903 1105 2043 1136 circuitus

395 1157 464 1195 ipsis
491 1157 519 1185 in
550 1156 683 1195 pedibus.
719 1176 757 1180 —
791 1158 808 1187 ι’.
832 1158 929 1188 Locus
955 1167 1012 1198 quo
1043 1161 1117 1189 sitae
1150 1165 1216 1190 sunt
1250 1161 1410 1190 branchiae
1444 1161 1519 1190 dnae
1544 1162 1683 1191 minores.
1715 1180 1753 1184 —
1786 1160 1821 1190 H.
1846 1161 1980 1195 Canatis,
2016 1161 2043 1189 in

392 1211 484 1240 latere
506 1211 672 1241 abdominis
695 1212 784 1249 sitns‚
816 1214 991 1253 sanguinem
1016 1224 1032 1243 e
1055 1215 1181 1254 pedibus
1203 1217 1363 1255 excipiens.
1388 1236 1426 1240 —
1451 1216 1481 1245 1’.
1504 1216 1562 1246 Vas
1585 1220 1668 1246 setae
1692 1216 1823 1246 caudalis
1848 1217 1979 1246 interius.
2004 1234 2044 1238 -—

393 1264 426 1301 Q.
451 1265 507 1295 Vas
530 1269 612 1295 setae
636 1266 766 1296 eaudalis
789 1268 931 1305 exterius,
953 1270 1127 1309 sanguinem
1152 1271 1179 1300 in
1206 1272 1360 1300 cavitatem
1385 1272 1551 1301 abdominis
1576 1271 1760 1309 superiorem
1787 1270 1980 1300 transferens.
2005 1288 2044 1293 —-

393 1319 533 1360 (Sagittis
552 1322 705 1361 sanguinis
729 1331 832 1352 cursus
852 1323 1034 1362 significatus
1057 1327 1129 1362 est.)

768 1440 1093 1472 TABULA
1155 1442 1552 1473 SECUNDA.

273 1515 465 1553 Figurae
484 1515 640 1546 1—111.
683 1516 885 1553 systema
906 1517 1214 1556 respirationis
1235 1518 1280 1551 (§·
1305 1515 1460 1549 11-19.).

314 1575 373 1615 Fz'y.
401 1575 423 1605 I.
468 1576 639 1607 Branchiae
659 1587 785 1617 magnae
806 1578 988 1618 semiformis
1007 1588 1105 1618 pars,
1127 1579 1227 1610 lateris
1252 1580 1366 1617 dextri,
1398 1581 1434 1610 ab
1459 1580 1601 1610 inferiore
1625 1584 1706 1620 parte
1732 1585 1900 1619 conspecta.
1956 1581 2049 1610 Mem-

356 1630 447 1659 brana
471 1632 545 1661 scuti
569 1631 693 1662 inferior
713 1636 826 1662 remota
849 1636 903 1662 est.

316 1684 375 1723 Fiy.
402 1684 441 1714 II.
484 1685 597 1716 Eadem
620 1686 767 1716 branchis»
789 1691 965 1717 transverse
983 1691 1075 1718 secta.

399 1750 457 1790 Fiy.
483 1751 505 1781 Ι.
531 1755 559 1781 et
584 1751 624 1782 ΙΙ.
648 1771 688 1775 -
712 1762 739 1782 α.
762 1753 847 1783 Testa
872 1755 947 1784 scuti
974 1755 1112 1793 superior
1133 1755 1281 1784 coriacea.
1309 1773 1347 1776 -—
1371 1754 1396 1784 b.
1423 1754 1519 1783 Massa
1549 1753 1737 1784 branchialis.
1760 1773 1798 1778 --
1832 1755 1858 1784 d.
1881 1754 2049 1785 Membrana

399 1805 523 1835 inferior
545 1807 727 1837 tenuissima.
754 1827 792 1831 —
815 1811 904 1837 c¹.c2.
920 1810 1058 1838 c³.c¹.c⁵.
1103 1808 1228 1838 Canales
1252 1809 1379 1848 quinque
1405 1808 1551 1837 laterales.
1577 1827 1615 1831 —-
1650 1809 1694 1837 cf
1731 1808 1849 1838 Canalis
1872 1809 1965 1847 impar
1988 1818 2052 1838 mc-

401 1857 486 1888 diana
513 1860 541 1889 in
564 1860 641 1890 linea
665 1862 740 1891 senti
763 1862 935 1892 decurrens.
960 1882 998 1885 —
1020 1861 1051 1892 P.
1073 1862 1213 1892 Eiusdem
1236 1864 1331 1893 exitus
1358 1864 1387 1892 in
1412 1863 1566 1892 cavitatem
1591 1862 1758 1892 abdominis
1780 1863 1972 1901 superiorem.

316 1921 375 1961 Fiq.
402 1922 458 1952 III.
505 1924 617 1954 Eadem
639 1925 785 1956 branchia
807 1927 836 1955 ἰιι
859 1927 1066 1966 longitudinem
1087 1931 1189 1963 secla,
1218 1929 1257 1957 ita
1282 1930 1313 1956 ut
1336 1927 1474 1965 inspicias
1499 1927 1527 1956 in
1551 1928 1694 1957 cavitates
1717 1927 1830 1957 canalis
1854 1929 1948 1965 quarti
1971 1930 2053 1965 (0⁰4),

358 1978 434 2007 tcrtii
456 1980 529 2015 (οἳ.)
555 1983 583 2008 et
607 1980 729 2009 secundi
753 1984 834 2018 (εἰ).

278 2066 470 2105 Figurae
492 2068 713 2100 lv—xlx.
756 2071 991 2110 Sanguinis
1014 2071 1224 2102 circuitus
1250 2071 1294 2104 (ὃ.
1320 2067 1477 2104 Ιό-Ἡ-,Ὶι

319 2129 378 2168 Fiy.
403 2131 452 2161 IV.
498 2132 557 2162 Cor
580 2134 643 2162 sive
668 2134 767 2164 cordis
788 2135 966 2165 ventriculus
989 2143 1119 2164 venosus
1142 2143 1158 2164 a
1182 2134 1335 2172 superiore
1358 2135 1442 2171 parte
1467 2135 1512 2169 (§·
1541 2133 1612 2170 121).

320 2183 378 2222 Fiy.
409 2185 437 2215 V.
496 2186 576 2216 Idem
598 2196 614 2216 a
639 2187 731 2217 latere
756 2192 955 2228 conspectum.

322 2238 378 2277 Hy.
411 2238 453 2268 VI.
498 2240 639 2272 Eiusdem
658 2251 734 2279 pars
758 2252 771 2270 a
797 2243 951 2281 superiore
974 2246 1067 2282 parte,
1088 2241 1291 2282 magnitudine
1315 2241 1403 2271 multo
1429 2241 1524 2280 magis
1547 2245 1642 2271 aucta.

320 2292 378 2330 Fiy.
408 2291 470 2322 VII.
494 2294 605 2325 Eadem
631 2296 730 2326 cordis
749 2305 837 2333 pars,
862 2297 975 2326 duabus
997 2297 1123 2327 sectaris
1148 2295 1409 2336 longitudinalibus
1432 2298 1542 2334 aperta.

319 2344 378 2383 Εἰς).
396 2344 476 2375 VIII.
499 2346 575 2377 Pars
598 2349 697 2378 cordis
720 2349 875 2378 ίΙιοι-ιιεὶεα
897 2359 913 2379 a
935 2351 1090 2388 superiore
1114 2354 1197 2390 parte
1222 2353 1322 2389 aperta
1346 2353 1390 2386 (ἕ.
1409 2349 1481 2386 17.).

402 2411 461 2450 Fiy.
487 2411 656 2444 IV-VIIL
679 2433 718 2438 -
743 2415 777 2444 A.
802 2416 907 2445 Cordis
931 2416 1111 2446 ventriculus
1135 2416 1307 2445 arteriosus.
1328 2432 1369 2438 —
1391 2413 1424 2444 B.
1448 2414 1549 2443 Venae
1570 2412 1758 2442 branchiales
1779 2413 1824 2449 (111
1856 2411 1883 2441 V.
1909 2415 1935 2441 et
1966 2411 2047 2443 VIII.

406 2474 504 2495 earum
528 2467 664 2504 orificia).
692 2490 730 2493 -
756 2471 782 2499 d.
809 2470 908 2499 Riniae
932 2470 1077 2500 laterales.
1098 2488 1137 2493 —-
1163 2468 1198 2499 d‘.
1224 2469 1305 2498 Rima
1329 2467 1457 2498 lateralis
1483 2467 1511 2496 in
1534 2470 1615 2505 parte
1639 2466 1738 2495 cordis
1764 2466 1912 2495 thoracica
1936 2467 2051 2495 sita.—

405 2529 428 2549 ο.
455 2529 479 2548 e.
503 2530 526 2549 e.
551 2521 720 2560 Ligamenta
745 2525 844 2554 cordis
867 2525 1030 2563 superiora.
1061 2543 1091 2548 -
1127 2523 1158 2553 e'.
1181 2523 1382 2562 Ligamentum
1415 2522 1506 2560 partis
1531 2520 1631 2550 cordis
1663 2520 1844 2550 thoraeicae.
1869 2539 1907 2542 —
1942 2520 1963 2557 f.
1985 2520 2008 2558 s.
2029 2520 2050 2557 f.

409 2573 581 2612 Ligamcnta
612 2575 764 2605 inferiora.
798 2596 833 2600 -
870 2587 895 2615 9.
918 2588 943 2615 9.
976 2577 1116 2614 Valvulae
1151 2578 1289 2607 rimarum
1321 2576 1481 2616 parietibus
1515 2575 1615 2605 cordis
1645 2575 1759 2606 inflexis
1791 2576 1981 2613 compositae.
2014 2594 2050 2598 —
