2419 2972
1030 315 1276 352 ...29—

278 416 399 453 floccis
425 420 587 450 constare
611 412 763 448 videtur.
815 409 1002 458 Sanguinis
1037 413 1247 460 corpuscula
1274 418 1376 447 ovata
1403 412 1516 447 forma
1543 418 1577 447 et
1602 418 1764 459 respectu
1793 409 2046 458 magnitudinis

280 477 441 515 animalis
466 489 660 524 permagna
687 481 779 509 sunt.

379 541 510 585 Restat,
536 546 575 573 ut
601 539 776 573 rationem
802 536 1112 584 contemplemur,
1140 550 1211 585 qua
1239 544 1364 572 natura
1391 536 1569 583 sanguinis
1596 535 1805 580 circuitum,
1846 546 1957 582 quum
1991 546 2050 567 va-

280 603 375 638 scula
401 601 591 645 deficiant,
623 599 792 634 sustineat
826 605 934 645 atque
961 599 1143 633 acceleret.
1198 600 1269 634 lam
1304 610 1410 646 supra
1436 597 1615 644 vidimus,
1648 598 1732 632 huic
1767 597 1829 631 lini
1857 596 2048 643 praecipue

281 672 401 700 motus
427 663 658 698 membranae
683 673 749 707 per
775 659 982 694 abdominis
1006 661 1195 696 cavitatem
1221 668 1385 695 extensae
1412 660 1600 705 inservire,
1628 672 1698 707 qua
1725 664 1906 693 contracta
1933 664 1967 691 et
1994 669 2051 691 re—

282 727 395 761 laxata
422 725 550 760 cavitas
575 722 722 756 inferior
754 729 788 756 ct
814 723 979 769 superior
1012 722 1219 757 abdominis
1254 723 1404 757 invicem
1439 729 1639 756 coarctatur
1672 729 1707 756 et
1732 721 1908 756 dilatatur.
1962 720 2054 753 Ven-

284 787 430 821 triculus
467 795 615 832 quoque
640 782 761 817 cordis
789 783 979 817 arteriosus
1014 784 1134 818 multis
1170 784 1337 817 musculis
1374 783 1565 817 instructus
1592 789 1667 827 est,
1706 795 1786 816 nam
1829 794 1903 815 non
1940 781 2053 813 solnm

285 847 504 895 marginibus
532 845 608 878 eius
634 844 837 878 lateralibus
864 845 1013 879 musculi
1040 845 1237 892 peculiares
1263 851 1484 889 asseruntur,
1511 843 1573 877 sed
1602 843 1674 877 duo
1703 843 1852 877 musculi
1876 841 2056 876 fortissimi

289 907 456 954 (Tab.Il.
482 906 688 954 Fig.XIJ‘'.
713 905 844 941 XVII.
872 906 978 940 XIX.
996 907 1070 952 Z),
1093 907 1155 953 qui
1183 907 1362 941 ellluvium
1391 912 1426 940 et.
1452 905 1641 939 decursum
1673 905 1853 951 sanguinis
1879 902 2061 947 adiuvent,

287 983 361 1005 non
385 968 513 1017 procul
540 980 558 1002 a
586 967 762 1001 foramine
790 968 969 1001 anteriore
995 969 1227 1002 membranae
1254 969 1297 1002 ab
1327 980 1369 1001 eo
1398 966 1632 1001 descendenti
1662 978 1736 999 sese
1764 964 1921 1011 alligunt.
1989 963 2059 997 Sed

288 1032 377 1066 aliae
403 1042 553 1078 quoque
579 1029 737 1075 singulae
765 1036 882 1075 partes
908 1030 1148 1076 peculiaribus
1175 1030 1344 1063 musculis
1372 1028 1555 1076 praeditae
1584 1034 1678 1072 sunt,
1703 1027 1803 1061 venis
1830 1026 1924 1060 enim
1955 1026 2063 1058 bran-

288 1091 464 1126 eliialibus
490 1102 533 1124 eo
561 1090 664 1135 loco,
698 1102 772 1136 quo
799 1103 818 1125 e
844 1090 1027 1125 branchiis
1060 1090 1095 1124 in
1124 1091 1463 1137 eeplialntboracem
1493 1088 1740 1133 descendunt,
1773 1087 1846 1121 duo
1884 1086 2065 1121 musculo-

289 1165 370 1187 rum
398 1151 552 1185 fasciculi
590 1163 609 1186 a
635 1151 744 1185 latere
775 1153 938 1199 corporis
962 1152 1029 1186 orti
1058 1159 1261 1186 asseruntur
1290 1151 1434 1193 (Tam.
1467 1149 1706 1197 1⁴¹1·;,r.I.A.)‚
1735 1149 1866 1196 quibus
1901 1147 1973 1181 duo
2009 1147 2067 1180 alii

293 1226 312 1248 e
338 1219 438 1260 parte
464 1213 644 1247 anteriore
672 1213 911 1260 procedentes
935 1215 1092 1261 oppositi
1120 1221 1212 1248 sunt.
1270 1213 1458 1260 Sanguinis
1485 1213 1577 1245 eirca
1602 1212 1724 1245 oculos
1751 1222 1872 1244 cursus
1899 1208 2066 1243 musculis

292 1274 533 1323 peculiaribus
559 1275 793 1321 acceleratur,
827 1276 889 1322 qui
916 1275 1042 1310 radiati
1071 1277 1258 1310 oculorum
1287 1276 1403 1309 nervis
1430 1273 1634 1308 adiacentes
1658 1272 1807 1319 margini
1837 1271 2066 1305 membrana-

295 1348 379 1371 ceae
406 1336 529 1370 oculos
556 1336 794 1371 circumdanti
822 1336 914 1371 affixi
942 1344 1043 1381 sunt,
1078 1343 1111 1371 et
1138 1339 1335 1385 regularem
1373 1337 1478 1371 huius
1514 1343 1651 1370 motum
1687 1334 1878 1381 pulsationi
1915 1333 2067 1366 similem

297 1398 467 1432 efficiunt.
521 1398 686 1446 Denique
713 1398 813 1446 quod
842 1399 967 1433 attinet
999 1398 1043 1432 ad
1074 1400 1255 1446 sanguinis
1281 1412 1347 1447 per
1370 1399 1481 1446 pedes
1508 1398 1716 1441 eii-euituni‚
1747 1403 1898 1442 uterque
1926 1393 2068 1437 canalis,

297 1466 332 1494 et
358 1459 405 1504 is,
429 1458 492 1506 qui
518 1458 672 1506 pedibus
699 1460 908 1507 sanguinem
932 1460 1050 1506 affert,
1087 1467 1121 1494 et
1147 1461 1193 1506 is,
1230 1461 1292 1508 qui
1328 1474 1408 1494 euin
1440 1473 1480 1493 ex
1509 1460 1550 1493 iis
1582 1459 1734 1504 recipit,
1768 1458 1859 1491 inter
1892 1455 2070 1490 musculos

297 1518 431 1566 pedum
460 1518 708 1554 abdominales
735 1527 769 1554 et
795 1527 918 1554 testam
947 1527 1128 1556 externam
1157 1523 1243 1557 situs
1269 1529 1332 1568 est,
1360 1535 1399 1556 ac
1426 1522 1525 1556 facile
1554 1520 1699 1567 intelligi
1727 1525 1856 1565 potest,
1882 1524 1983 1551 motu
2007 1528 2072 1563 pe-

296 1581 382 1616 dum
413 1581 698 1616 abdouiinalium
727 1583 902 1616 continuo
931 1583 999 1617 hos
1026 1597 1174 1631 quoque
1203 1586 1343 1619 canales
1370 1585 1522 1618 invicem
1556 1582 1728 1617 coarctari
1756 1587 1790 1614 et
1813 1579 1972 1626 dilatari,
2000 1590 2071 1625 qua

296 1655 335 1677 re
361 1643 500 1690 sanguis
529 1656 602 1677 non
629 1644 745 1678 solum
773 1644 810 1678 in
837 1644 990 1691 pedibus
1016 1645 1080 1680 sed
1108 1645 1192 1693 ipsis
1219 1645 1325 1679 etiam
1353 1644 1391 1678 in
1417 1644 1599 1678 canalibus
1626 1641 1848 1689 propellitur.

396 1731 426 1767 §,
453 1726 511 1762 ‘24-
565 1728 714 1777 ApoclLs
747 1733 942 1779 sanguinis
969 1732 1145 1768 circuitus
1180 1743 1260 1767 cum
1292 1730 1449 1765 aliorum
1478 1728 1757 1764 Crustaceorum
1787 1733 1822 1761 et
1847 1724 2072 1760 Insectorum

298 1791 492 1838 sanguinis
516 1791 673 1826 circuitu
698 1795 934 1841 comparatio.
962 1811 1008 1818 -
1033 1792 1305 1828 Crustaceorum
1332 1804 1446 1840 pauca
1472 1798 1612 1825 tantum
1639 1789 1759 1824 adhuc
1785 1794 1884 1832 sunt,
1916 1798 2071 1833 quorum

298 1859 415 1886 totum
439 1864 605 1887 vasorum
631 1859 783 1900 systema
807 1861 933 1888 notum
962 1862 1023 1889 est.
1078 1854 1340 1890 Celeberrimae
1366 1852 1514 1901 quidem
1543 1859 1624 1887 sunt
1642 1851 1883 1898 quaestiones>
1910 1860 1997 1895 quas
2027 1846 2072 1881 de

300 1912 539 1961 Decapodum
566 1921 755 1961 systemate
781 1928 946 1950 vasorum
975 1916 1135 1952 fecerunt
1167 1916 1375 1952 Audouin
1408 1921 1443 1949 et
1468 1914 1603 1948 Milne
1629 1911 1839 1948 Edwards
1857 1911 1911 1956 *)3
1946 1909 2009 1943 sed
2036 1909 2072 1942 bi

300 1976 516 2022 scriptores,
549 1977 711 2024 quamvis
748 1978 1032 2025 ingeniosissime
1062 1979 1268 2014 universum
1294 1977 1477 2025 sanguinis
1512 1976 1701 2011 circuitum
1734 1973 1943 2022 perscrutati
1979 1978 2073 2016 sunt,

301 2044 422 2072 tamen
448 2038 600 2085 singulas
627 2039 800 2086 quasdam
828 2047 958 2088 partes,
985 2053 1078 2088 quae
1104 2041 1149 2076 ad
1173 2047 1385 2076 structuram
1412 2036 1530 2072 cordis
1556 2037 1749 2084 pertinent,
1777 2047 1850 2069 non
1879 2034 1971 2067 bene
1991 2044 2070 2078 per-

304 2099 457 2145 spexisse
483 2099 661 2137 videntur.
715 2101 756 2135 Et
782 2114 1004 2149 quamquam
1031 2103 1096 2137 viri
1123 2102 1349 2150 gravissimae
1376 2099 1608 2138 auctoritatis,
1630 2097 1794 2133 Meckel
1811 2097 1857 2137 **)
1885 2101 1919 2127 et
1944 2094 2074 2127 Muel-

306 2159 450 2202 ler***)
478 2161 620 2195 illorum
647 2162 862 2209 scriptorum
890 2163 1081 2210 opiniones
1113 2163 1364 2207 defenserunt‚
1400 2167 1523 2196 tamen
1551 2161 1710 2195 virorum
1743 2158 1790 2192 lll.
1816 2157 1864 2190 ΙΙΙ.
1895 2155 1996 2189 Stra
2007 2167 2073 2188 us-

375 2375 410 2411 θ)
431 2374 622 2407 Recherchcs
646 2380 851 2419 anatomiques
874 2384 903 2411 et
924 2382 1169 2422 physiologiques
1190 2390 1242 2413 sur
1264 2381 1292 2412 la
1314 2379 1490 2411 circulation
1512 2378 1586 2408 dans
1607 2375 1650 2406 les
1674 2375 1840 2405 Crustaces.
1875 2392 1915 2399 -
1947 2371 2078 2404 Annales

436 2432 490 2462 des
511 2435 656 2467 sciences.
681 2438 822 2469 Tom.Xl.
843 2440 953 2479 p.302.
978 2444 1008 2470 et
1028 2450 1055 2480 p.
1067 2441 1137 2472 353.

354 2500 409 2537 ss)
433 2499 548 2538 System
568 2501 622 2531 der
646 2504 899 2544 vergleichcnden
922 2507 1090 2538 Anatomie.
1113 2508 1206 2539 Halle.
1230 2507 1320 2538 1831.
1342 2506 1424 2536 Tom.
1436 2503 1469 2533 V.
1493 2511 1520 2541 p.
1535 2502 1584 2532 95.

335 2566 411 2604 '‘fl)
440 2566 603 2598 llandbuch
627 2568 680 2600 der
699 2571 897 2613 I‘hysiologie.
918 2574 947 2605 P.
957 2573 979 2605 1.
1002 2583 1030 2614 p.
1049 2575 1116 2606 167.
