2419 2972
1138 314 1382 349 -42—

369 421 499 467 pedem
530 421 644 466 ipsum
673 414 860 451 descendit
887 419 921 447 et
947 411 992 446 ad
1016 411 1195 446 musculos
1223 410 1297 444 eius
1321 409 1524 456 superiores
1550 420 1586 441 se
1613 408 1802 452 convertit,
1829 409 1864 442 in
1892 408 2023 455 quibus
2043 420 2141 441 ramo

370 484 505 517 maiore
533 489 565 514 et
593 478 828 528 profundiore
839 475 934 523 (mg.
946 473 1018 509 IV.
1033 477 1067 515 t.)
1094 472 1237 517 emissQ
1262 471 1508 519 compluribus
1533 470 1677 503 ramulis
1692 468 1792 509 (ibid.
1804 482 1838 504 u.
1851 472 1899 510 v.)
1918 469 2141 504 diffunditur.

470 543 634 577 Ceterum
663 554 729 588 pro
754 539 808 573 bis
826 534 992 584 ‘quatuor
1016 535 1156 579 nervis,
1190 533 1372 568 interdum
1405 540 1477 567 tres
1503 531 1615 566 modo
1652 531 1750 566 nervi
1784 543 1802 564 e
1828 531 1957 577 ganglii
1985 531 2144 576 margine

368 613 513 639 externo
544 604 611 638 orti
640 601 887 648 reperiuntur,
921 597 993 631 duo
1026 595 1176 644 quidem
1204 595 1399 629 anteriores
1434 606 1576 640 semper
1603 592 1749 637 adsunt,
1783 604 1849 639 pro
1886 592 2144 638 posterioribus

368 675 486 701 autem
518 666 632 700 nervis
660 661 842 697 interdum
869 671 960 694 unus
987 657 1099 692 modo
1131 668 1320 691 nervorum
1346 662 1492 690 truncus
1518 655 1668 688 crassior
1700 654 1942 700 conspicitur,
1979 653 2040 698 qui
2068 654 2144 686 sine

369 728 483 762 <lubio
512 733 704 773 postquam
731 724 767 757 in
796 720 926 769 pedem
954 717 1162 763 descendit,
1198 719 1235 753 in
1270 729 1389 752 ramos
1425 717 1492 751 illis
1530 716 1645 750 nervis
1677 714 1937 762 respondentes
1963 713 2142 748 dividitur.

371 790 410 823 Ei
441 789 494 822 liis
524 789 558 821 in
587 779 1007 832 exemplaribussquod
1039 779 1108 813 iam
1137 791 1243 827 supra
1269 780 1443 825 diximus,
1475 785 1593 813 totum
1626 789 1816 812 nervorum
1848 784 2000 824 systema
2029 775 2146 809 minus

376 851 563 897 perspicue
587 848 817 895 perfecteque
845 844 1009 877 effectum
1038 854 1111 875 esse
1138 841 1290 875 videtur.

468 914 496 949 §-
534 913 592 944 231.
623 908 740 943 Nervi
755 905 974 954 posterioris
997 903 1119 950 parcis
1143 901 1361 937 abdominis.
1376 921 1421 925 —
1437 901 1475 935 In
1485 907 1585 948 parte
1611 899 1810 947 posteriore
1825 898 2030 933 abdominis
2051 900 2147 932 nervi

367 974 470 1007 aliter
496 970 660 1017 dispositi
687 975 779 1002 sunt.
819 967 865 1001 Ex
892 964 1081 1012 superficie
1109 964 1205 998 enim
1236 963 1388 997 cuiusvis
1409 962 1539 1009 ganglii
1569 973 1696 995 nervus
1727 960 1843 994 tenuis
1872 961 1984 995 oritur
2008 962 2100 1009 (Fig.
2121 962 2148 996 l.

369 1033 576 1079 [5.I'.{1,qui
606 1031 783 1065 musculos
805 1026 1081 1074 longitudinales
1108 1025 1282 1060 ventrales
1310 1032 1545 1071 transgressus
1570 1023 1662 1057 inter
1690 1023 1873 1056 fasciculos
1907 1023 2149 1057 musculorum

367 1095 565 1129 lateralium
594 1094 827 1138 obliquorum
857 1089 901 1123 ad
931 1089 1111 1122 musculos
1127 1086 1285 1121 dorsales
1304 1098 1340 1119 se
1356 1086 1542 1119 convertit.
1578 1086 1615 1119 In
1644 1086 1683 1118 iis
1707 1097 1771 1131 per
1788 1084 1992 1130 complures
2018 1096 2150 1131 corpo-

369 1159 415 1191 ris
443 1156 596 1190 annulos
623 1153 667 1188 ad
697 1153 844 1186 dorsum
870 1149 1031 1185 ascendit
1059 1155 1093 1182 et
1115 1148 1207 1182 duos
1235 1148 1271 1181 in
1299 1159 1418 1181 ramos
1445 1147 1544 1187 (ibid.
1573 1161 1606 1182 ιι.
1623 1150 1670 1187 v.)
1699 1145 1882 1190 dividitur,
1910 1158 2065 1192 quorum
2092 1159 2152 1180 su·-

367 1220 490 1266 perior
522 1218 556 1251 in
580 1215 768 1263 superficie
806 1213 1051 1247 musculorum
1086 1210 1281 1245 dorsalium
1313 1208 1490 1254 decurrit,
1529 1209 1678 1242 inferior
1710 1215 1744 1241 et
1775 1207 1991 1254 prol'undior
2025 1220 2149 1242 eorum

368 1280 554 1315 fasciculos
577 1276 830 1323 complectitur
858 1282 892 1308 et
920 1274 954 1307 in
979 1273 1070 1306 duos
1101 1272 1154 1306 vel
1186 1278 1257 1305 tres
1291 1281 1410 1304 ramos
1442 1269 1522 1302 exit.
1585 1269 1677 1302 Haec
1712 1269 1834 1302 saltem
1864 1268 1994 1302 horum
2025 1281 2153 1302 nervo-

367 1355 447 1376 rum
476 1340 665 1387 dispositio
697 1344 747 1371 est
775 1337 915 1370 annulis
943 1335 981 1369 in
1005 1334 1245 1368 anterioribus
1268 1332 1378 1379 partis
1404 1331 1614 1378 posterioris
1642 1330 1868 1375 abdominis5
1894 1331 2154 1376 posterioribus

367 1405 404 1438 in
432 1403 591 1447 annulis,
630 1401 666 1434 in
694 1400 826 1446 quibus
852 1397 989 1443 singula
1014 1396 1151 1443 ganglia
1178 1394 1279 1429 valde
1303 1395 1371 1428 sibi
1397 1393 1689 1440 appropinquata
1717 1399 1820 1437 sunt,
1848 1392 1945 1426 nervi
1974 1393 2152 1426 musculos

368 1466 539 1511 obliquos
563 1469 763 1509 sequuntur
791 1467 825 1494 et
852 1460 944 1493 inter
970 1470 1095 1492 eorum
1123 1457 1280 1503 singulos
1305 1454 1490 1489 fasciculos
1521 1454 1578 1487 siti
1612 1460 1705 1487 sunt.
1760 1454 1808 1487 Ac
1840 1452 1917 1486 bini
1955 1452 2053 1485 nervi
2082 1452 2150 1486 sibi

367 1527 523 1574 proximi
550 1536 650 1560 ramo
677 1523 777 1558 tenui
806 1522 899 1556 inter
931 1533 967 1554 se
995 1519 1179 1553 coniuncti
1215 1530 1289 1552 esse
1318 1516 1496 1551 videntur.
1561 1517 1678 1562 Prope
1717 1516 1760 1549 ab
1790 1514 1927 1561 origine
1966 1526 2092 1547 omnes
2116 1513 2153 1547 hi

368 1589 467 1622 nervi
495 1586 680 1621 tenerrimi
707 1591 789 1619 sunt
816 1595 856 1617 ac
881 1580 1069 1629 peduculi,
1106 1592 1148 1613 eo
1176 1586 1295 1613 autem
1323 1579 1427 1623 loco⁷
1459 1590 1533 1624 quo
1563 1577 1806 1611 musculorum
1836 1577 2069 1623 obliquorum
2100 1577 2150 1610 sa-

369 1649 519 1683 sciculos
548 1648 685 1691 ineunt7
713 1645 901 1679 crassiores
926 1642 1017 1676 siunt
1044 1641 1244 1687 meliusque
1273 1640 1371 1674 cerni
1396 1646 1557 1686 possunt.

473 1707 586 1756 Quod
612 1707 657 1741 ad
684 1719 811 1740 nervos
839 1705 965 1739 attinet
994 1710 1139 1737 externo
1169 1714 1187 1735 e
1216 1701 1374 1747 margine
1409 1701 1631 1746 gangliorum
1661 1701 1829 1745 emissos,
1866 1700 1934 1734 hac
1970 1700 2007 1734 in
2033 1707 2155 1746 poste-

370 1774 466 1807 riorc
495 1776 595 1817 parte
625 1768 833 1803 abdominis
859 1778 1058 1812 numquam
1088 1770 1243 1811 quatuor
1271 1761 1381 1806 nervi9
1408 1760 1472 1794 sed
1498 1768 1567 1795 tres
1593 1769 1731 1795 tantum
1760 1761 1891 1810 (FigJ.
1922 1764 1954 1795 7.
1972 1760 2017 1795 B.
2044 1761 2078 1795 S.
2098 1761 2154 1794 ΧΑ

376 1833 625 1880 reperiuntur,
663 1842 817 1876 quorum
853 1834 1057 1874 postremus
1094 1825 1167 1867 (X.)
1204 1823 1396 1870 posteriori
1433 1824 1467 1857 in
1502 1824 1707 1858 abdominis
1741 1824 1920 1858 anteriore
1954 1829 2054 1869 parte
2083 1823 2156 1869 pari

374 1895 434 1937 (T.
464 1901 497 1927 et
532 1893 587 1933 U.)
617 1890 823 1938 respondet.
861 1890 898 1923 ln
926 1887 1092 1922 extremis
1117 1885 1265 1932 gangliis
1292 1883 1395 1918 valde
1422 1885 1489 1918 sibi
1514 1885 1744 1931 propinquis.
1773 1896 1898 1918 nervus
1920 1883 2043 1917 tertius
2066 1895 2159 1929 quo-

374 1968 445 2004 que
471 1953 707 1997 desideraturq
739 1958 773 1985 et
800 1950 955 1984 anterius
982 1947 1095 1982 modo
1125 1958 1249 1980 eorum
1278 1958 1343 1991 par
1370 1946 1565 1992 reperitur„
1596 1958 1752 1992 quorum
1780 1945 1867 1979 alter
1894 1945 1991 1979 alteri
2018 1945 2063 1978 ita
2091 1944 2159 1977 im·-

376 2018 516 2064 positus
545 2022 608 2059 est,
638 2021 677 2048 ut
704 2012 776 2046 duo
804 2019 969 2045 truncum
999 2009 1198 2055 simplicem
1227 2019 1449 2054 componere
1476 2007 1676 2041 videantur.

479 2082 507 2117 §.
542 2080 599 2112 3⁸2.
654 2076 800 2110 Nervus
824 2082 989 2109 extremo
1016 2073 1183 2119 corporis
1208 2068 1343 2104 annulo
1366 2071 1550 2116 proprius.
1575 2087 1620 2094 —-
1643 2069 1774 2113 Restat,
1802 2074 1841 2102 ut
1870 2079 2013 2102 nervum
2045 2078 2161 2113 quen-

387 2141 468 2175 dam
497 2147 528 2174 ct
559 2144 707 2186 propter
734 2135 909 2182 originem
948 2140 982 2166 et
1008 2140 1158 2179 propter
1192 2132 1298 2165 situm
1335 2131 1417 2164 satis
1449 2131 1720 2164 memorabilem
1757 2129 2064 2175 contemplemur,
2100 2128 2160 2174 qui

386 2201 521 2248 stmodis
548 2199 716 2246 proprius
741 2208 815 2229 esse
842 2194 995 2238 videtur,
1023 2205 1142 2239 neque
1170 2192 1246 2225 aliis
1272 2193 1309 2226 in
1334 2191 1530 2226 Crustaceis
1558 2204 1676 2238 neque
1705 2192 1739 2225 in
1768 2191 1923 2235 lnseetis7
1949 2189 2048 2236 quod
2076 2190 2161 2234 sci0‚

387 2262 504 2297 adhue
534 2262 740 2294 observatus
770 2262 831 2289 est.
884 2255 947 2288 Hic
971 2266 1098 2287 nervus
1127 2253 1260 2299 (Fig.I.
1289 2256 1321 2287 7.
1350 2255 1383 2289 S.
1411 2253 1465 2295 Γ.)
1495 2253 1530 2286 in
1557 2260 1790 2300 conspectum
1814 2254 1922 2293 venit,
1948 2251 2163 2297 simulatque

388 2323 533 2359 aninmli
561 2335 579 2356 a
611 2321 719 2355 dorso
746 2324 892 2366 aperto,
927 2316 1136 2349 intestinum
1174 2320 1209 2347 et
1235 2315 1439 2348 ovar-iorum
1472 2326 1552 2360 pars
1582 2314 1762 2361 posterior
1793 2319 2019 2357 removetur,
2054 2312 2164 2345 libere

391 2387 486 2421 enim
520 2397 585 2431 per
613 2381 820 2417 abdominis
848 2385 1067 2426 postremam
1092 2383 1230 2423 partem
1257 2375 1302 2409 ad
1331 2383 1527 2410 extremum
1559 2388 1674 2423 usque
1703 2375 1873 2409 annulum
1908 2374 2069 2421 corporis
2102 2372 2161 2405 de-

387 2449 507 2483 currit.
562 2446 683 2480 Primo
720 2443 868 2490 quidem
896 2440 1026 2474 intuitu
1054 2438 1210 2472 dubitari
1248 2444 1384 2484 potest,
1419 2451 1503 2472 num
1539 2438 1628 2472 haec
1659 2436 1841 2470 filamenta
1873 2435 1992 2469 albida
2026 2441 2055 2467 et
2084 2434 2165 2467 satis

388 2524 502 2547 crassa
530 2520 652 2543 revera
679 2506 774 2540 nervi
803 2505 886 2548 sint,⁹
913 2501 975 2537 sed
1003 2513 1115 2548 quum
1146 2500 1364 2547 compluries
1392 2511 1432 2532 ea
1459 2497 1504 2532 ad
1529 2497 1705 2544 originem
1734 2509 1848 2542 usque
1877 2508 1895 2529 e
1921 2495 2066 2542 gangliis
2084 2506 2166 2540 per-

388 2579 559 2621 sequutus
587 2570 676 2614 sim,
718 2567 788 2602 hoc
814 2566 896 2600 satis
930 2563 1020 2598 mihi
1056 2574 1264 2610 persuasum
1300 2567 1361 2594 est.
1424 2559 1598 2594 Oriuntur
1632 2565 1750 2592 autem
1788 2558 1825 2592 hi
1855 2557 1950 2592 nervi
1979 2555 2097 2590 media
2129 2568 2168 2588 ex
