2419 2972
647 579 1037 627 HISTORIA
1092 577 1647 626 EVOLUTIONIS.

368 835 483 878 §.4st
535 834 671 883 Apodis
695 832 1185 869 evolutionemSchaesfer
1210 831 1359 880 quidem
1386 832 1456 866 iam
1485 831 1684 866 observavit
1708 838 1742 866 ct
1768 833 1805 866 in
1831 832 1944 867 libero
1971 844 2036 867 suo

272 914 307 947 p.
328 899 544 934 118—122.
573 896 781 943 descripsit,
817 902 938 930 tamen
966 908 1079 943 quum
1113 895 1244 929 multae
1269 894 1494 941 gravissimae
1528 905 1582 927 res
1610 892 1654 927 ab
1683 905 1725 927 co
1752 894 1931 941 neglectae
1957 895 2040 940 sint,

271 960 475 1008 diligentior
507 958 725 993 diversarum
758 957 953 992 formarum
992 957 1413 1002 commutationumque,
1443 966 1539 1002 ‚quas
1572 955 1724 989 iuvenile
1751 954 1885 1002 Apodis
1910 967 2040 1002 corpus

273 1021 362 1066 init,
388 1019 582 1066 descriptio
613 1031 688 1052 non
714 1029 977 1065 supervacanea
1005 1029 1079 1051 esse
1104 1015 1254 1051 videtur.

371 1081 531 1116 Ovorum
558 1080 711 1127 parvitas
738 1086 773 1114 et
799 1091 911 1126 opaca
938 1085 1103 1113 externae
1132 1090 1256 1112 eorum
1284 1084 1394 1111 testae
1421 1084 1545 1112 natura
1577 1077 1614 1112 in
1643 1076 1865 1112 observanda
1891 1089 1931 1112 ea
1957 1090 2042 1112 evo-

270 1143 417 1183 lutione,
446 1155 554 1190 quam
580 1154 727 1189 germen
753 1142 831 1188 ipso
859 1141 895 1175 in
920 1153 988 1175 ovo
1016 1140 1193 1187 sequitur,
1221 1139 1347 1173 multas
1375 1146 1524 1173 evocant
1549 1138 1783 1174 difficultates.
1824 1139 1945 1186 Quare
1971 1139 2039 1172 hac

271 1205 316 1239 de
344 1212 443 1251 parte
471 1204 685 1239 evolutionis
712 1203 814 1248 nihil,
842 1202 942 1250 quod
969 1202 1099 1247 dicam,
1126 1202 1257 1235 habeo.
1301 1201 1343 1235 Ut
1367 1207 1485 1235 autem
1509 1200 1668 1235 diversae
1695 1201 1922 1245 mutationes,
1948 1212 2040 1247 quae

273 1267 307 1299 in
335 1266 488 1312 eorpo're
515 1265 690 1310 animalis,
717 1277 784 1299 ovo
812 1265 949 1309 relicto,
978 1264 1224 1308 observantur,
1251 1262 1385 1297 facilius
1411 1262 1693 1308 perspiciantur,
1720 1268 1835 1296 totum
1864 1261 2039 1295 evolutio-

271 1329 324 1360 nis
352 1334 493 1373 tempus
519 1333 675 1373 quatuor
703 1326 739 1360 in
764 1332 881 1373 partes
908 1324 1069 1359 dividere
1097 1325 1211 1359 liceat.
1266 1324 1338 1358 Hae
1365 1330 1463 1357 sunt:

347 1389 372 1422 l.
424 1388 595 1422 Animalis
622 1400 664 1422 ex
690 1400 757 1422 ovo
785 1399 991 1434 progressus

335 1449 373 1482 ll.
426 1449 479 1483 Ab
516 1449 679 1483 animalis
716 1461 756 1483 ex
791 1461 859 1483 ovo
893 1461 1082 1496 progressu
1115 1443 1229 1495 usque
1265 1446 1311 1482 ad
1346 1446 1547 1494 primorum
1582 1445 1716 1493 pedum
1754 1444 2039 1480 abdominalium

420 1510 675 1545 evolutionem.

320 1571 374 1604 111.
427 1571 480 1604 Ab
508 1571 712 1606 evolutione
739 1572 939 1619 primorum
966 1571 1102 1619 pedum
1129 1572 1415 1608 abdominalium
1437 1582 1552 1618 usque
1579 1569 1624 1604 ad
1645 1568 1923 1604 decrescentium
1946 1569 2040 1615 paris

420 1631 554 1680 pedum
581 1633 848 1668 thoracicorum
877 1634 1036 1668 secundi.

322 1695 373 1729 lv.
426 1695 454 1729 A
480 1694 721 1730 decrescentia
749 1697 842 1743 paris
870 1696 1005 1743 pedum
1032 1696 1301 1733 thoracicorum
1329 1695 1476 1732 secundi
1503 1706 1616 1742 usque
1643 1693 1688 1729 ad
1712 1691 1925 1740 receptaculi
1951 1703 2040 1726 ovo-

420 1769 498 1791 rum
529 1758 663 1793 externi
691 1758 944 1792 evolutionem.

800 1956 1022 1981 Aninnalis
1050 1964 1102 1981 ex
1129 1963 1208 1981 ovo
1236 1962 1511 1988 progressus.

991 2039 1048 2062 rai.
1072 2039 1118 2064 ιν.
1148 2039 1200 2071 ny.
1223 2038 1318 2063 1-11.

369 2136 397 2173 §.
425 2133 484 2169 41.
537 2135 609 2169 Iam
636 2135 672 2169 in
697 2136 900 2171 ovariorum
925 2135 1166 2183 descriptione
1193 2135 1280 2170 duas
1311 2128 1538 2169 membranas
1572 2133 1608 2167 in
1639 2132 1713 2167 ovis
1743 2130 1877 2177 Apodis
1909 2128 2038 2163 distin-

271 2195 429 2242 guendas
455 2209 550 2243 esse,
582 2198 758 2232 internam
784 2205 945 2233 teneram
975 2205 1008 2232 et
1035 2197 1271 2245 pellucidam,
1304 2204 1484 2231 externam
1511 2196 1708 2230 coriaeeam
1740 2200 1774 2227 et
1798 2203 1946 2238 opacam
1972 2190 2037 2225 de-

272 2258 557 2293 monstravimus.
609 2259 821 2306 Priusquam
850 2267 967 2294 autem
994 2272 1141 2306 germen
1168 2260 1204 2293 in
1232 2272 1299 2294 ovo
1327 2260 1507 2293 evolutum
1537 2264 1611 2303 est,
1646 2256 1768 2303 viginti
1802 2255 1872 2289 fere
1895 2260 2037 2300 praete-

272 2324 376 2352 reunt
402 2318 477 2353 dies
503 2327 610 2367 atque
643 2321 713 2355 hoc
745 2334 810 2368 per
846 2329 986 2368 tempus
1022 2328 1055 2355 ct
1082 2322 1232 2355 sormam
1268 2320 1462 2355 rotundam
1499 2327 1533 2355 et
1565 2318 1716 2353 eandem
1752 2314 2036 2363 magnitudinem

273 2392 379 2414 ovum
405 2381 543 2414 retinet.
593 2382 682 2416 Tum
708 2389 826 2417 autem
852 2383 950 2417 foetu
983 2384 1223 2417 maturitatem
1252 2390 1379 2428 nactO,
1414 2383 1530 2429 prima
1561 2389 1716 2417 externa
1748 2381 1806 2413 0νὶ
1831 2376 2037 2412 membrana

272 2441 398 2475 rimam
427 2443 497 2488 agit
522 2442 614 2490 (Fig.
640 2444 703 2489 L),
737 2444 879 2478 interna
903 2445 1021 2480 adhuc
1052 2447 1207 2492 integra,
1248 2452 1282 2479 et
1318 2445 1455 2489 foetus,
1489 2444 1550 2490 qui
1584 2442 1629 2477 ad
1663 2442 1734 2476 hoc
1767 2448 1908 2486 tempus
1935 2437 2036 2472 valde

273 2510 347 2537 erat
374 2515 609 2550 compressuS,
635 2517 730 2540 nunc
756 2513 876 2541 autem
910 2519 946 2541 se
978 2520 1122 2542 movere
1157 2514 1190 2540 ct
1217 2507 1390 2553 explicare
1424 2506 1568 2551 coepit,
1601 2504 1847 2539 membranam
1875 2507 2035 2534 teneram

273 2563 450 2598 internam
480 2563 639 2598 extendit
665 2572 699 2599 et
725 2566 891 2613 tandem,
915 2566 1036 2602 adhuc
1062 2568 1129 2602 hac
1156 2567 1333 2612 inclusus,
1359 2566 1590 2601 membranae
1617 2571 1780 2599 externae
1807 2562 1933 2597 rimam
1962 2561 2038 2595 elu-
