2419 2972
1039 330 1284 366 —33—

281 428 450 464 differunt
476 426 529 469 (cf.
564 425 712 462 Tah.Il.
739 425 820 473 Fig.
835 425 942 461 XIII.
968 425 1012 460 A.
1032 425 1098 465 B.).
1159 425 1347 460 Antcriore
1379 434 1497 461 autem
1534 427 1569 461 in
1605 434 1705 474 parte
1741 428 2052 475 cephalothoracis

280 489 459 536 sanguinis
487 501 607 522 cursus
631 487 727 522 idem
755 494 806 520 est
826 486 968 521 duobus
995 487 1032 521 in
1060 487 1286 533 animalibus,
1315 499 1396 521 nam
1422 501 1496 523 non
1523 489 1638 523 solun]
1666 489 1768 523 multi
1796 490 1898 524 rivuli
1923 491 1960 524 in
1988 492 2052 524 Ar-

278 551 360 597 gulo
389 563 537 597 quoque
564 562 604 583 ex
630 556 781 595 utraque
807 555 907 594 parte
935 548 1028 582 oculi
1056 547 1271 594 decurrunt,
1303 547 1366 583 sed
1404 550 1496 584 oculi
1531 551 1637 584 ctiam
1671 550 1739 597 ipsi
1762 551 1909 585 sacculis
1935 564 2052 586 mem-

281 612 466 646 branaceis
496 612 636 658 liquore
662 608 821 656 quodam
850 610 993 656 repletis
1018 609 1251 644 circumcludi
1278 609 1455 646 videntur.
1501 611 1624 658 Quum
1651 611 1689 646 hi
1716 612 1844 646 sacculi
1874 613 1909 647 in
1926 613 2052 660 Apodc

281 685 322 707 ea
349 674 424 721 ipsa
449 676 682 716 membrana,
714 683 806 718 quae
834 672 870 705 in
898 671 1094 706 abdomine
1122 678 1264 706 extensa
1292 678 1344 706 est
1370 679 1405 706 ct
1431 672 1549 706 cordis
1577 674 1812 708 ventriculum
1838 675 2050 709 arteriosum

283 734 416 779 efficit,
455 739 739 780 componantur,
776 733 967 767 verisimile
1000 746 1074 768 csse
1107 733 1273 779 videtur,
1307 734 1438 781 Argulo
1465 735 1626 769 'similem
1654 743 1762 783 atque
1788 735 1906 783 Apodi
1934 736 2052 770 cordis

283 809 356 830 esse
383 794 699 830 constructionem.

381 858 544 903 Denique
571 855 616 890 de
640 856 820 903 sanguinis
846 856 996 891 circuitu
1026 855 1219 891 Gamnmri
1244 856 1386 892 Pulicz's
1413 856 1682 891 observationes
1712 857 1822 892 sactae
1853 866 1936 893 sunt
1962 871 1981 893 a
2009 860 2050 894 cl.

283 918 521 962 Zenke1·*)‚
557 930 575 951 c
603 918 734 964 quibus
762 918 909 965 intelligi
941 925 1076 964 potest,
1112 918 1183 951 hoe
1210 930 1359 965 quoque
1392 918 1428 952 in
1460 919 1604 953 animali
1637 920 1843 966 sanguinem
1881 921 1993 955 libere
2021 927 2056 954 et

281 980 356 1013 sine
382 978 530 1013 vasculis
556 992 620 1025 per
644 980 806 1026 corporis
832 980 999 1014 cavitates
1023 992 1180 1013 manare.

380 1040 558 1074 Omnibus
583 1047 701 1085 autem
728 1040 784 1074 his
811 1040 1121 1075 observationibus
1157 1042 1373 1088 comparatis
1407 1041 1452 1076 de
1479 1042 1660 1090 sanguinis
1697 1043 1734 1076 in
1762 1041 1958 1077 Crustaceis
1984 1044 2054 1077 cir-

283 1101 379 1134 cuitu
405 1101 472 1134 hae
497 1101 615 1135 theses
640 1101 728 1148 poni
754 1113 859 1148 posse
885 1100 1063 1148 videntur7
1091 1116 1183 1150 quae
1210 1104 1372 1150 pluribus
1399 1105 1606 1151 iteratisque
1635 1105 1946 1139 observationibus
1973 1117 2056 1139 exa-

283 1162 475 1197 minandae
503 1169 538 1196 et
563 1161 773 1209 probandae
798 1169 897 1198 sunt:

433 1228 463 1258 1.
513 1224 692 1258 Omnibus
718 1224 755 1258 in
782 1222 977 1259 Crustaceis
1011 1238 1073 1260 cor
1102 1227 1311 1274 sanguinem
1349 1240 1412 1274 per
1439 1228 1545 1261 rimas
1574 1228 1718 1261 imbibit
1744 1240 1762 1262 e
1788 1228 1968 1274 sanguinis
1997 1241 2053 1262 re-

431 1286 615 1332 ceptaculo
644 1285 803 1332 quodam
830 1287 885 1320 vet
912 1299 930 1321 e
959 1288 1107 1322 cavitate
1135 1288 1291 1335 quadam
1320 1289 1493 1336 corporis,
1521 1301 1613 1336 quae
1640 1289 1729 1323 atrio
1757 1290 1964 1324 animalium
1994 1302 2053 1324 su-

430 1347 613 1394 periorum
638 1348 870 1394 respondent.

384 1409 477 1443 Haec
504 1409 623 1443 cordis
657 1411 875 1445 constructio
912 1410 1031 1446 adhuc
1066 1413 1102 1447 in
1128 1412 1410 1462 Decapoclibus,
1443 1413 1478 1447 in
1511 1413 1654 1448 Limulo
1682 1413 1922 1462 Polyphemo,
1959 1421 1993 1447 et
2021 1415 2056 1448 in

284 1470 419 1519 Apode
444 1478 581 1505 tantum
609 1471 714 1518 plane
741 1470 986 1507 demonstrata
1012 1481 1073 1508 est.

433 1535 466 1567 2.

520 1533 697 1567 Omnibus
723 1534 761 1568 in
788 1532 984 1568 Crustaceis
1017 1536 1157 1583 sanguis
1192 1549 1344 1571 venosus
1376 1537 1464 1570 vasis
1501 1537 1740 1583 peculiaribus
1763 1543 1858 1571 caret
1885 1543 1919 1570 et
1947 1537 2056 1571 libere

434 1607 498 1641 pei·
524 1595 685 1642 corporis
711 1596 878 1630 cavitates
904 1603 1035 1631 manat.

382 1655 453 1689 Hac
487 1656 532 1690 de
567 1669 604 1691 re
638 1669 765 1692 omnes
799 1659 1066 1693 observationes
1106 1666 1316 1705 congruunt.
1363 1678 1407 1682 -
1454 1659 1547 1693 Duas
1580 1658 1644 1692 has
1676 1658 1793 1692 theses
1835 1658 1905 1692 iam
1937 1659 2058 1705 posuit

286 1717 327 1750 cl.
353 1717 413 1751 Lu
426 1730 448 1751 n
461 1716 493 1751 d-

433 1781 466 1813 3.
519 1779 559 1813 ln
585 1778 780 1814 Crustaceis
806 1781 1051 1827 superioribus
1075 1782 1216 1828 sanguis
1241 1782 1433 1816 arteriosus
1459 1782 1547 1816 vasis
1572 1788 1689 1816 totum
1718 1782 1754 1815 in
1780 1792 1911 1827 corpus
1936 1779 2057 1814 distri-

433 1841 556 1875 buitur
582 1848 617 1875 et
642 1848 794 1889 systema
825 1843 1035 1877 arteriosum
1063 1855 1083 1877 a
1108 1856 1242 1877 venoso
1276 1856 1421 1890 prorsus
1449 1842 1666 1877 disiunctum
1694 1850 1755 1877 est.
1810 1842 1942 1877 Contra
1967 1840 2056 1876 Cru-

430 1909 546 1937 stacea
572 1902 742 1938 inferiora
769 1904 919 1938 omnino
948 1905 1036 1938 vasis
1061 1905 1301 1952 peculiaribus
1325 1905 1531 1952 sanguiferis
1557 1912 1679 1939 carent
1705 1911 1740 1939 et
1760 1904 1832 1939 duo
1854 1910 2054 1951 systemata,

433 1965 644 1999 arteriosum
672 1972 706 1999 et
731 1977 916 2012 venosum,
944 1967 1036 2000 inter
1062 1979 1097 2000 se
1125 1978 1199 2000 non
1225 1966 1330 2013 plane
1357 1965 1533 2000 disiuncta
1559 1972 1661 2012 sunt,
1698 1965 1761 2000 sed
1784 1966 1848 2000 rivi
1876 1965 2055 2012 sanguinis

434 2026 594 2060 arteriosi
621 2027 718 2073 ipsos
743 2027 781 2061 in
807 2039 959 2062 venosos
979 2035 1175 2062 transeunt.

382 2086 471 2122 Illud
498 2087 534 2121 in
561 2087 822 2136 Decapodibzcs
848 2096 882 2123 et
909 2089 1202 2138 Seomapodibus,
1227 2089 1299 2124 hoc
1325 2090 1362 2123 in
1389 2088 1551 2138 Argulo,
1580 2088 1763 2138 Daphnia,
1794 2089 1992 2125 Gammaro
2020 2095 2054 2122 et

286 2145 419 2194 Apode
445 2149 670 2183 observatum
699 2157 766 2197 est3
791 2151 828 2185 in
855 2150 976 2185 medio
1003 2151 1120 2198 posita
1147 2162 1220 2185 esse
1247 2149 1414 2184 videntur
1440 2149 1609 2198 Isopoda

431 2207 464 2243 4.
516 2211 550 2246 Si
584 2223 664 2245 vasa
696 2213 888 2258 peculiaria
920 2212 1118 2259 sanguisera
1153 2211 1425 2257 desiderantur,
1462 2212 1642 2259 sanguinis
1677 2212 1784 2247 ssuxio
1817 2211 2056 2257 peculiaribus

432 2271 592 2315 partibus
625 2272 707 2313 (sive
734 2273 926 2318 musculis,
959 2273 1030 2307 sive
1058 2273 1278 2308 membranis
1312 2272 1592 2318 muscularibus,
1624 2272 1696 2307 sive
1729 2271 1870 2306 laminis
1905 2272 2057 2310 corneis)

435 2334 620 2367 sustentari
647 2341 755 2381 atque
782 2335 970 2369 accelerari
998 2334 1149 2369 videtur.

386 2392 552 2427 Laminae
579 2406 743 2441 corneae,
768 2407 860 2442 quae
883 2396 1064 2444 sanguinis
1089 2408 1154 2443 per
1179 2396 1369 2431 branchias
1396 2406 1537 2430 cursum
1565 2394 1603 2428 in
1629 2393 1890 2444 Decapodibus
1917 2403 2055 2431 susten-

359 2576 393 2612 *J
416 2575 458 2605 Dc
472 2575 618 2606 Gammari
635 2576 738 2607 Pulicis
756 2577 876 2608 historia
901 2577 1026 2608 naturali
1047 2580 1132 2616 atque
1153 2576 1306 2616 sanguinis
1329 2576 1453 2606 circuitu
1477 2577 1696 2606 commentatio.
1720 2576 1818 2606 lenae.
1843 2578 1932 2607 1552.

1690 2644 1711 2667 ο
