2419 2972
1134 311 1381 347 ...ffi—

372 405 498 439 ximus.
549 405 772 440 Ventriculus
798 417 971 452 venosus,
1002 406 1065 453 qui
1092 407 1301 453 sanguinem
1327 419 1347 442 e
1373 406 1556 442 branchiis
1587 407 1738 455 excipit,
1773 409 1882 445 corde
1917 412 2143 459 superiorum

373 467 582 500 animalium
610 479 651 500 ae
686 467 879 514 praecipue
913 465 1184 502 Crustaceorum
1223 468 1458 516 Decapodum
1494 469 1714 516 respondet,
1750 473 1965 509 ventriculus
1992 475 2144 510 arterio-

373 539 453 571 sus,
486 527 584 561 cuius
608 528 760 574 parietes
786 528 996 562 membrana
1024 529 1080 562 illa
1108 541 1172 575 per
1197 528 1380 564 abdomen
1413 538 1558 566 extensa
1584 540 1869 580 componuntur,
1904 536 2143 582 primordium

372 589 571 634 systematis
594 589 825 634 arteriarum,
860 589 960 636 quod
987 589 1057 624 iam
1086 590 1122 624 in
1147 590 1392 637 superioribus
1419 590 1614 627 Crustaeeis
1648 606 1792 640 prorsus
1817 595 2012 641 perfectum
2041 610 2145 644 repe-

372 650 474 695 ritur,
501 650 619 695 refert,
646 658 681 684 et
708 651 745 684 in
773 651 894 685 medio
918 652 1056 698 positus
1083 663 1157 686 esse
1184 651 1325 687 videtur
1351 653 1444 687 inter
1470 665 1533 688 cor
1557 655 1746 702 proprium
1777 657 1988 691 arteriosum
2010 665 2045 692 et
2063 659 2144 693 bul·-

372 711 460 747 bum
491 712 673 758 quendam
701 720 840 758 aortae,
883 713 945 760 qui
977 713 1226 760 compluribus
1252 714 1289 748 in
1316 714 1528 748 animalibus
1554 716 1823 762 superioribus,
1861 725 1900 752 ut
1926 718 1962 752 in
1990 719 2146 765 piscibus

376 779 411 806 et
436 773 622 820 reptilibus
650 775 832 808 nonnullis
859 775 1079 819 observatur,
1106 782 1141 809 et
1164 775 1200 809 in
1227 776 1283 809 his
1302 789 1450 823 quoque
1477 784 1627 824 propter
1659 786 1796 814 motum
1831 781 2049 827 peculiarem
2072 794 2147 817 non

372 841 447 869 tam
476 836 625 873 arteriae
652 849 759 882 quam
785 835 904 870 cordis
930 849 1012 883 pars
1039 836 1228 871 habendus
1251 844 1312 871 est.
1343 856 1388 863 -—
1417 839 1565 886 Sanguis
1592 846 1732 886 autem,
1766 848 1806 875 ut
1830 841 2003 888 vidimus,
2038 842 2148 878 corde

375 897 413 930 in
440 903 578 943 partem
607 899 823 932 anteriorem
851 898 1163 945 cephalothoracis
1190 900 1423 947 propellitur,
1457 902 1520 936 ubi
1553 908 1588 935 et
1614 902 1726 936 oculis
1751 904 1974 951 cerebroque
2003 911 2036 938 et
2062 918 2150 952 pro-

372 958 532 993 cessibus
556 960 742 994 ventriculi
765 959 983 1007 glandulosis
1007 961 1051 995 ab
1079 961 1249 997 omnibus
1275 962 1436 1008 partibus
1462 962 1770 999 circumfunditur.
1816 964 1981 999 Summus
2006 966 2150 1012 sangui-

379 1020 434 1054 nis
461 1021 555 1054 rivus
591 1021 676 1055 inde
705 1034 769 1067 per
794 1022 931 1055 labrum
964 1021 1009 1056 ad
1041 1029 1180 1069 partein
1214 1025 1378 1070 corporis
1409 1027 1604 1061 ventralem
1640 1026 1762 1071 venit,
1797 1032 1832 1059 et
1863 1026 2003 1061 minore
2035 1027 2148 1062 rivulo

374 1083 533 1127 emisso,
575 1083 636 1129 qui
665 1084 812 1117 circuitu
842 1096 907 1129 per
932 1096 1060 1118 omnes
1086 1084 1197 1131 pedes
1228 1085 1319 1119 sacto
1352 1085 1389 1120 in
1419 1086 1518 1121 illum
1553 1087 1670 1134 ipsum
1698 1086 1834 1131 refluit,
1869 1085 1960 1120 duos
1992 1087 2028 1120 in
2055 1088 2150 1122 rivos

377 1142 575 1188 dividitur,
613 1156 770 1190 quorum
803 1144 890 1178 alter
924 1145 960 1179 in
992 1146 1101 1180 latere
1134 1146 1445 1193 cephalothoraeis
1477 1147 1675 1183 ascendens
1710 1147 1756 1182 ad
1783 1147 1973 1181 branchias
1999 1149 2087 1182 scuti
2113 1161 2150 1183 se

376 1204 528 1250 confert,
554 1211 605 1251 ut,
633 1212 826 1252 postquam
853 1207 1098 1253 respiraverit,
1133 1207 1179 1242 ad
1204 1221 1267 1243 cor
1292 1208 1438 1255 redeat,
1461 1210 1562 1245 'alter
1587 1216 1706 1245 autem
1733 1209 1918 1244 cavitatem
1947 1207 2153 1243 abdominis

378 1265 586 1300 inferiorem
614 1266 743 1312 intrat,
768 1273 808 1301 ut
833 1268 994 1314 partibus
1021 1270 1236 1316 genitalibus
1260 1271 1469 1317 sanguinem
1498 1269 1705 1317 suppeditet
1731 1276 1766 1303 et
1787 1281 1894 1303 succo
1922 1268 2057 1302 recenti
2085 1281 2152 1303 nu-

375 1328 497 1373 tricio,
523 1328 586 1374 qui
613 1341 677 1375 per
703 1329 931 1364 membranas
958 1330 1114 1365 intestini
1141 1331 1269 1367 sudare
1295 1332 1448 1378 videtur,
1474 1340 1635 1380 recepto,
1661 1331 1706 1367 ad
1721 1345 1784 1367 cor
1801 1331 1924 1367 redeat
1944 1343 2063 1378 neque
2090 1343 2155 1366 an·-

378 1396 437 1424 tea
464 1390 623 1436 respiret.
676 1391 751 1425 Hoc
786 1392 892 1439 igitur
926 1392 963 1426 in
995 1393 1145 1428 circuitu
1181 1406 1247 1430 nec
1279 1395 1344 1430 rivi
1373 1395 1496 1430 venosi
1531 1396 1575 1429 ab
1603 1395 1800 1440 arteriosis,
1835 1405 1902 1428 nec
1936 1393 2057 1428 minor
2086 1405 2153 1440 per

372 1451 562 1486 branchias
586 1452 752 1487 circuitus
778 1465 797 1487 a
825 1454 974 1488 circuitu
1000 1467 1065 1502 per
1091 1468 1222 1503 corpus
1237 1457 1373 1491 maiore
1401 1455 1569 1495 distinete
1596 1456 1745 1490 seiuncti
1762 1462 1849 1490 sunt
1875 1461 1910 1489 et
1934 1467 2016 1502 pars
2036 1453 2149 1489 modo

373 1513 556 1560 sanguinis
579 1515 711 1560 quovis
739 1514 774 1548 in
801 1515 951 1549 circuitu
979 1517 1153 1563 respirare
1179 1524 1308 1565 potest.
1342 1537 1386 1543 —
1423 1518 1617 1565 Superiore
1644 1525 1761 1552 autem
1789 1517 1995 1552 abdominis
2023 1517 2059 1552 in
2087 1529 2148 1551 ea-

373 1575 481 1609 viIate
505 1574 608 1616 (Ταῦ.
627 1576 656 1611 Ι,
685 1576 766 1625 Fig.
779 1577 909 1612 XVII.
926 1578 980 1619 K.)
997 1605 1007 1624 ,
1043 1592 1135 1626 quae
1171 1579 1291 1615 cordis
1324 1580 1414 1615 atrio
1441 1580 1649 1614 animalium
1685 1580 1911 1627 superiorum
1938 1578 2148 1626 respondet,

374 1637 516 1683 sanguis
544 1636 703 1672 diversae
728 1645 875 1674 naturae
901 1641 1155 1687 confunditur,
1189 1643 1347 1690 primum
1379 1642 1476 1676 enim
1505 1653 1546 1676 ex
1577 1642 1816 1676 anterioribus
1843 1648 1878 1675 et
1902 1641 2147 1688 superioribus

372 1698 534 1745 partibus
561 1699 731 1745 utrinque
758 1700 889 1735 rivulus
912 1714 1040 1748 parvus
1065 1704 1208 1750 refluit,
1235 1705 1297 1752 qui
1321 1704 1507 1739 ventrieuli
1534 1703 1795 1751 appendicibus
1820 1702 2037 1751 glandulosis
2063 1715 2146 1750 par-

373 1766 426 1794 tes
454 1760 623 1795 nutricias
650 1760 809 1796 reddidit
834 1762 938 1803 (Ίαί).
951 1763 980 1799 I.
1007 1765 1091 1813 Fig.
1108 1765 1240 1801 XVII.
1255 1767 1328 1812 Ε),
1362 1773 1438 1801 tum
1475 1779 1581 1814 supra
1613 1765 1834 1800 thoracicam
1866 1764 1985 1800 cordis
2007 1771 2147 1811 partem

375 1820 507 1855 canalis
534 1820 651 1868 impar
677 1821 843 1857 mediana
870 1823 907 1857 in
934 1824 1026 1860 linea
1052 1826 1141 1860 scuti
1167 1826 1253 1861 situs
1281 1827 1350 1861 exit
1377 1827 1475 1868 (ibid.
1504 1826 1571 1872 b),
1599 1827 1662 1874 qui
1689 1838 1833 1874 parvam
1863 1824 2043 1871 sanguinis
2064 1836 2149 1871 par-

371 1888 446 1916 tem
473 1893 491 1916 e
518 1882 701 1918 branchiis
727 1882 895 1930 adducit,
934 1885 1094 1933 denique
1131 1887 1225 1922 rivus
1250 1888 1426 1923 maximus
1458 1901 1477 1923 a
1504 1889 1652 1923 eavit-ate
1686 1887 1886 1935 posteriore
1920 1892 1955 1920 et
1981 1885 2149 1920 inferiore

375 1941 583 1981 abdominis
606 1942 738 1988 affluit,
773 1945 835 1991 qui
860 1946 1070 1993 sanguinem
1097 1949 1302 1984 recentibus
1328 1951 1442 1985 succis
1470 1950 1701 1985 alimentariis
1727 1962 1767 1983 ex
1799 1948 1968 1985 intestino
1997 1948 2149 1995 receptis

374 2003 589 2038 instructum
616 2004 726 2039 affert.
779 2006 852 2052 Qui
880 2008 997 2044 omnis
1024 2010 1166 2056 sanguis
1200 2010 1311 2046 eorde
1338 2025 1404 2060 per
1434 2012 1579 2047 rimulas
1611 2011 1733 2059 viginti
1766 2010 1955 2045 imbibitur
1981 2016 2015 2043 ct
2042 2009 2077 2043 in
2103 2021 2147 2044 co

374 2066 452 2112 ipso
480 2077 562 2100 eum
588 2066 758 2113 sanguine
786 2068 908 2114 rubi-0,
936 2070 998 2117 qui
1025 2083 1091 2118 per
1118 2084 1224 2108 venas
1246 2073 1472 2109 branchiales
1498 2074 1614 2121 ipsum
1642 2073 1679 2106 in
1705 2084 1770 2106 cor
1795 2071 1964 2116 refertur,
1992 2071 2149 2105 commi-

373 2133 501 2162 scetur.
530 2147 577 2154 -
601 2129 767 2175 Sanguis,
807 2130 869 2176 qui
897 2132 1073 2177 reperitur
1108 2134 1201 2169 circa
1228 2135 1351 2169 oculos
1378 2142 1413 2169 et
1438 2136 1474 2170 in
1501 2142 1601 2183 parte
1631 2134 1810 2169 anteriore
1836 2132 2149 2180 ceplialothoracis

374 2194 409 2221 et
435 2188 471 2222 in
497 2188 672 2229 branchia
692 2189 804 2234 scuti,
837 2191 957 2226 colore
984 2193 1093 2228 rubro
1118 2202 1179 2229 est.
1231 2197 1267 2232 Si
1296 2198 1333 2233 in
1362 2211 1422 2233 vas
1449 2198 1638 2246 quoddam
1668 2198 1856 2245 recipitur,
1881 2196 1984 2230 ssocei
2012 2196 2150 2231 ruben-

373 2255 426 2284 tes
453 2261 494 2285 ex
520 2263 563 2284 eo
586 2258 808 2297 separantur,
833 2264 941 2299 super
965 2255 1098 2300 quibus
1124 2255 1246 2304 liquor
1269 2258 1424 2295 lucidior
1448 2261 1675 2309 relinquitur.
1728 2261 1776 2296 Ex
1802 2258 2002 2294 abdomine
2028 2264 2148 2292 autem

374 2317 498 2357 apcito
526 2313 665 2358 sanguis
692 2312 809 2347 minus
835 2313 944 2348 ruber
969 2315 1160 2364 minusque
1186 2319 1318 2365 spissus
1344 2320 1549 2357 effunditur.
1600 2323 1639 2357 In
1666 2321 1880 2357 animalibus
1905 2319 2058 2354 mortuis
2083 2317 2147 2354 sed

374 2372 579 2406 recentibus
605 2385 685 2407 vasa
712 2374 750 2408 in
777 2375 997 2415 extremitate
1024 2380 1186 2425 corporis
1219 2381 1285 2416 sita
1311 2383 1432 2418 colore
1459 2383 1740 2419 obscuro-viridi
1770 2383 1965 2430 apparent,
1991 2382 2045 2416 sin
2063 2392 2148 2415 vero

375 2432 507 2468 animal
533 2431 668 2467 diutius
696 2435 733 2469 in
759 2436 886 2483 spiritu
912 2438 984 2474 vini
1008 2437 1230 2487 despositum
1260 2451 1351 2490 erat,
1375 2444 1431 2479 his
1458 2457 1608 2493 quoque
1633 2445 1669 2479 in
1695 2445 1856 2492 partibus
1882 2442 2060 2491 sanguinis
2085 2453 2149 2475 co-

375 2494 490 2529 lorem
517 2494 773 2531 rubescentem
800 2498 930 2546 accipit
954 2506 989 2535 et
1014 2513 1166 2537 massam
1193 2505 1395 2541 cellulosam
1423 2514 1459 2542 et
1484 2514 1689 2543 concretam
1717 2507 1926 2554 componit,
1953 2505 2039 2539 (lum
2066 2514 2149 2537 san-

380 2555 457 2602 guis
483 2555 520 2591 5ss
545 2555 733 2598 branchiis
756 2564 793 2597 et
819 2559 856 2596 in
883 2568 984 2609 parte
1007 2565 1172 2612 ⁴corporis
1198 2567 1377 2603 anteriore
1404 2581 1423 2603 e
1448 2568 1593 2616 singulis
1618 2568 1742 2605 leviter
1770 2569 1864 2604 inter
1886 2579 1924 2602 se
1949 2564 2150 2601 coniunctis
