2419 2972
382 409 434 444 vis
460 408 628 443 brevibus
654 407 748 442 inter
772 420 808 442 se
832 407 1108 453 coniunguntur,
1132 405 1278 440 tandem
1301 407 1357 441 his
1381 419 1529 455 quoque
1552 408 1668 442 nervis
1687 408 1948 456 deficientibus,
1978 411 2148 446 continua

384 470 616 516 componitur
642 481 754 503 massa
791 480 938 513 nervea,
966 468 1003 501 in
1030 480 1101 514 qua
1126 467 1261 514 singula
1287 467 1425 514 ganglia
1458 468 1602 502 nonnisi
1631 469 1972 515 emarginationibus
1994 471 2149 506 laterali-

383 531 450 565 bus
475 529 641 564 distincta
666 537 758 564 sunt.
812 530 849 563 ln
877 529 1039 576 corporis
1065 529 1198 563 annulo
1221 529 1292 563 fere
1317 528 1486 563 vicesimo
1503 536 1641 575 octavo,
1666 542 1737 564 una
1764 542 1843 564 cum
1866 531 2017 577 pedibus
2043 534 2150 567 series

382 592 605 638 gangliorum
633 591 774 625 desinit.
827 578 947 625 f'artes
982 597 1100 624 autem
1134 590 1173 624 in
1205 590 1366 637 corporis
1401 590 1620 624 extremitate
1653 590 1739 624 sitae
1773 591 1922 637 proprio
1954 605 2145 628 nervorum

387 659 575 699 systemate
600 653 790 687 instructae
817 659 908 686 sunt.

491 713 636 759 Ganglia
660 713 904 748 abdominalia
929 714 965 748 in
992 713 1067 759 ipsa
1099 720 1243 747 externa
1278 712 1484 747 abdominis
1519 720 1598 748 cute
1631 714 1696 748 sita
1730 721 1812 748 sunt
1845 721 1879 748 et
1912 726 1931 748 a
1967 715 2150 761 superiore

386 781 485 821 parte
509 774 675 808 musculis
700 774 1019 821 longitudinalibus
1044 775 1261 808 ventralibus
1288 775 1478 809 maximam
1505 781 1644 821 partem
1673 776 1815 810 obtecta
1835 782 1926 809 sunt.
1959 775 2151 822 Tendines,

389 837 520 882 quibus
546 836 583 870 hi
611 836 760 870 musculi
791 836 882 870 inter
916 837 1000 870 bina
1032 843 1142 870 testae
1166 843 1348 883 segmenta
1381 835 1474 870 affixi
1509 843 1608 881 sunt,
1641 837 1777 883 ganglia
1810 849 1938 870 nervea
1963 835 2151 871 affirmant.

389 897 483 931 Inter
509 897 593 931 bina
621 897 717 931 enim
744 904 924 943 segmenta
950 896 1172 932 filamentum
1206 898 1437 932 tendinosum
1466 897 1511 932 ad
1537 898 1667 932 lineam
1697 910 1809 944 usque
1835 898 2039 932 medianam
2066 911 2153 933 ven-

386 959 448 992 tris
475 958 640 1005 procedit
675 966 709 992 et
731 965 841 992 testae
874 958 1013 993 medios
1050 960 1142 994 inter
1175 961 1253 993 illos
1280 960 1370 993 ‹luos
1397 973 1548 1005 nervos,
1583 960 1645 1006 qui
1681 960 1765 993 bina
1799 960 2019 1006 gangliorum
2055 961 2153 1006 paria

392 1020 627 1067 coniungunt,
654 1018 797 1054 affixum
825 1027 886 1054 est.
939 1020 1062 1054 Simile
1087 1034 1235 1068 quoque
1254 1021 1484 1067 ligamentum
1512 1020 1744 1055 tendinosum
1770 1027 2005 1055 transversum
2032 1022 2076 1055 ab
2105 1022 2155 1055 al-

389 1087 466 1114 tero
493 1081 602 1114 latere
625 1080 670 1114 ad
696 1081 846 1115 alterum
872 1081 1139 1128 transgreditur.

487 1145 515 1180 §.
543 1144 602 1176 30.
656 1141 775 1176 lVervi
795 1144 994 1178 anterioris
1012 1145 1132 1190 partis
1157 1142 1375 1179 abdominis.
1404 1162 1446 1168 —
1473 1144 1609 1189 Quovis
1632 1157 1650 1179 e
1675 1144 1815 1191 ganglio
1841 1156 1971 1178 nerveo
1998 1145 2156 1180 anterio-

388 1204 436 1237 ris
462 1204 571 1249 partis
597 1202 804 1237 abdominis
830 1216 897 1238 sex·
915 1205 1013 1238 nervi
1044 1205 1226 1250 oriuntur,
1253 1212 1408 1252 quatuor
1434 1214 1578 1241 externo
1606 1220 1624 1241 e
1651 1207 1830 1253 margine,
1863 1207 1925 1253 qui
1951 1206 1997 1241 ad
2022 1206 2155 1253 pedum

390 1265 569 1299 musculos
602 1265 803 1311 pertinent,
836 1265 909 1300 duo
948 1278 989 1300 cx
1024 1266 1213 1313 superficie
1249 1268 1455 1314 superiore,
1497 1270 1559 1316 qui
1589 1268 1633 1303 ad
1669 1268 1875 1303 abdominis
1911 1269 2091 1303 musculos
2121 1280 2157 1302 se

388 1325 587 1360 conserunt.

488 1387 647 1420 Primum
676 1385 777 1433 quod
803 1386 848 1421 ad
875 1399 1002 1421 nervos
1029 1390 1271 1424 musculorum
1298 1390 1581 1425 abdominalium
1611 1393 1757 1437 attinet,
1785 1403 1911 1425 nervus
1936 1390 2093 1424 anterior
2121 1397 2157 1424 et

391 1449 540 1482 crassior
574 1448 667 1496 (Fig.
690 1448 720 1482 I.
752 1452 782 1481 1.
811 1451 844 1482 2.
871 1449 926 1489 P.)
954 1462 972 1482 c
995 1449 1133 1484 duabus
1159 1451 1339 1486 radicibus
1366 1453 1489 1498 oritur,
1509 1466 1661 1500 quarum
1688 1453 1844 1487 anterior
1870 1458 1905 1485 et
1930 1451 2056 1485 sortior
2081 1463 2156 1485 non

390 1521 408 1543 e
434 1509 573 1556 ganglio
602 1509 679 1556 ipso
695 1536 705 1554 ,
730 1509 793 1543 sed
820 1522 860 1543 ex
889 1510 948 1544 illo
976 1523 1106 1557 nervo,
1140 1513 1201 1559 qui
1230 1514 1315 1547 bina
1340 1515 1478 1561 ganglia
1504 1515 1689 1561 utriusque
1713 1514 1830 1548 lateris
1855 1513 2061 1560 coniungit,
2087 1526 2156 1560 po-

390 1571 516 1605 sterior
542 1577 660 1605 autem
688 1578 723 1605 et
748 1571 860 1605 multo
889 1573 1034 1607 tenuior
1059 1586 1077 1607 e
1103 1575 1232 1622 ganglii
1265 1575 1453 1622 superficie
1482 1589 1556 1610 non
1582 1576 1708 1623 procul
1743 1588 1763 1610 a
1788 1575 1948 1623 margine
1975 1576 2154 1609 anteriore

390 1633 516 1667 evenit.
570 1632 710 1676 Quibus
737 1632 876 1668 duabus
901 1634 1082 1669 radicibus
1108 1649 1192 1670 mox
1227 1637 1427 1671 coniunctis
1456 1650 1582 1672 nervus
1614 1638 1741 1684 planus
1775 1649 1815 1671 ac
1849 1636 1920 1671 sere
1957 1635 2154 1683 pellucidus

391 1696 635 1742 componitur,
662 1695 723 1742 qui
749 1702 820 1729 trcs
844 1696 1032 1731 interiores
1058 1698 1242 1733 fasciculos
1268 1700 1510 1733 musculorum
1529 1700 1739 1733 ventralium
1754 1705 2001 1745 transgressus,
2025 1704 2153 1744 quarto

392 1757 428 1789 in
456 1755 620 1790 fasciculo
649 1756 741 1804 (Fig.
767 1756 795 1792 I.
827 1761 856 1790 1.
885 1759 918 1791 2.
946 1756 1014 1799 D'.)
1040 1758 1104 1792 sub
1131 1760 1310 1793 musculos
1336 1761 1497 1795 laterales
1524 1761 1693 1808 obliquos
1718 1759 1817 1801 (ibid.
1843 1758 1906 1799 E'.)
1938 1771 1974 1793 se
2000 1759 2154 1793 abscon-

392 1816 454 1849 dit.
506 1816 570 1850 Hic
595 1817 765 1864 utrinque
790 1818 928 1852 ramulo
954 1830 1064 1864 parvo
1092 1831 1132 1853 ac
1157 1820 1255 1854 tenui
1282 1822 1318 1856 in
1339 1829 1505 1868 quartum
1528 1822 1770 1856 musculorum
1793 1821 1996 1855 fasciculum
2013 1818 2154 1864 emisso,

390 1886 535 1913 truncus
561 1879 659 1914 nervi
685 1878 812 1913 sortior
838 1887 872 1914 et
898 1881 1018 1914 colore
1045 1881 1200 1915 candido
1224 1884 1461 1929 praestantior
1488 1897 1506 1917 e
1535 1883 1700 1918 musculis
1728 1882 1884 1929 obliquis
1909 1880 2032 1927 prodit
2058 1887 2093 1914 et
2109 1879 2155 1914 ad

392 1941 570 1974 musculos
594 1941 870 1988 longitudinales
897 1942 994 1976 dorsi
1021 1956 1057 1977 se
1084 1944 1232 1990 confert,
1257 1947 1294 1979 in
1321 1945 1452 1991 quibus
1479 1943 1524 1978 ad
1550 1944 1679 1977 lineam
1700 1955 1814 1989 usque
1832 1940 2037 1975 medianam
2057 1939 2153 1974 dorsi

391 2001 560 2035 ascendit.
591 2019 635 2025 —-·
662 2003 806 2037 Praeter
832 2004 928 2038 hunc
957 2016 1103 2038 nervum
1132 2017 1150 2039 e
1176 2006 1364 2052 superficie
1391 2006 1542 2040 cuiusvis
1567 2004 1696 2051 ganglii
1720 2015 1833 2050 prope
1860 2015 1878 2036 a
1902 2001 2060 2048 margine
2087 2013 2154 2047 po-

391 2063 539 2097 steriore
567 2075 692 2097 nervus
715 2065 943 2100 tenuissimus
969 2065 1068 2106 (ibid.
1099 2066 1152 2115 Q.)
1181 2068 1305 2113 oritur,
1332 2068 1393 2114 qui
1422 2067 1467 2101 ad
1494 2066 1671 2100 musculos
1697 2065 1870 2099 ventrales
1895 2076 1931 2098 se
1958 2062 2094 2097 confert
2120 2069 2155 2096 et

392 2124 589 2171 marginem
617 2125 738 2158 annuli
769 2127 1006 2171 posteriorem
1032 2128 1204 2174 sequitur,
1232 2141 1341 2175 porro
1369 2136 1486 2164 autem
1515 2127 1713 2173 investigari
1742 2139 1814 2160 non
1841 2124 1969 2172 potuit.

490 2186 611 2220 Primo
639 2193 674 2220 et
696 2186 853 2221 secundo
885 2188 921 2222 in
947 2189 1079 2223 annulo
1108 2191 1270 2236 corporis
1295 2198 1445 2237 propter
1479 2190 1656 2225 diversum
1690 2187 1931 2221 musculorum
1957 2184 2154 2218 lateralium

392 2247 519 2292 situm,
552 2248 588 2281 hi
617 2248 714 2282 nervi
739 2248 839 2283 aliter
864 2261 901 2283 se
927 2248 1073 2285 habent.
1127 2252 1247 2285 Primo
1276 2264 1295 2285 e
1320 2252 1460 2298 ganglio
1487 2249 1709 2284 abdominali
1737 2257 1863 2281 nervus
1887 2245 2004 2279 tenuis
2031 2244 2155 2288 oritur,

394 2308 457 2354 qui
492 2307 583 2342 duos
610 2309 647 2342 in
674 2310 829 2344 ramulos
865 2309 997 2346 divisus
1029 2312 1065 2346 in
1099 2313 1266 2347 musculis
1299 2313 1516 2347 ventralibus
1552 2311 1718 2346 decurrit.
1777 2308 1908 2342 Nervus
1943 2306 2101 2340 anterior
2135 2316 2155 2338 e

392 2370 532 2417 gangllo
558 2371 715 2405 secundo
741 2379 838 2406 Ol'tUS
865 2373 956 2421 (Εἰς,
976 2373 1005 2408 Ι.
1036 2377 1067 2407 1.
1095 2374 1166 2415 P.*)
1202 2374 1294 2409 inter
1319 2375 1476 2422 primum
1510 2380 1544 2408 et
1570 2370 1766 2407 secundum
1794 2368 1956 2415 corporis
1982 2366 2153 2401 annulum

392 2431 437 2465 ad
464 2432 642 2466 musculos
666 2433 824 2468 laterales
838 2435 1150 2482 cephalothoracis
1167 2436 1328 2471 ascendit
1353 2436 1672 2483 compluribusque
1688 2431 1794 2465 ramis
1810 2442 1871 2464 eos
1892 2427 2151 2475 complectitur.

490 2493 642 2527 Externo
671 2505 690 2527 e
716 2496 875 2542 margine
903 2497 1053 2532 cuiusvis
1078 2499 1220 2545 ganglii,
1245 2505 1284 2533 ut
1309 2509 1414 2544 supra
1438 2496 1523 2540 dixi,
1548 2499 1703 2540 quatuor
1730 2491 1828 2525 nervi
1855 2490 2028 2524 oriuntur.
2070 2487 2154 2521 For-

390 2553 544 2588 tissimus
577 2554 738 2590 omnium
774 2556 866 2603 (Fig.
884 2557 913 2593 I.
940 2556 975 2592 4.
1004 2560 1037 2594 5.
1064 2558 1143 2596 6.S.
1174 2561 1254 2609 Fig.
1273 2560 1344 2596 IV.
1364 2559 1410 2601 S.)
1444 2564 1544 2605 parte
1570 2568 1610 2590 ex
1637 2553 1815 2589 anteriore
1843 2550 1930 2586 nodi
1950 2549 2086 2593 oritur,
2121 2555 2155 2582 et
