2419 2972
1077 326 1301 363 „5-

293 422 469 459 tudinales
495 425 669 460 ventrales
695 431 747 459 tot
775 423 920 460 ordines
946 423 1196 459 fasciculorum
1224 430 1444 457 transversos
1471 428 1717 469 componunt,
1751 428 1841 469 quot
1875 420 1985 468 pedes
2012 423 2066 455 in-

301 487 501 521 veniuntur.

392 549 476 583 Pars
499 549 646 584 dorsalis
672 556 706 583 et
727 555 802 583 tota
828 548 886 582 illa
911 560 993 595 pars
1020 547 1250 594 abdominis²
1279 560 1371 595 quae
1396 546 1510 580 nullos
1538 546 1603 580 sert
1628 544 1758 592 pedes,
1780 546 1898 591 parvis
1921 558 2064 579 muscu-

292 612 410 645 lorum
437 612 609 646 fasciculis
636 610 954 657 longitudinalibus
981 609 1084 651 (Tab.
1100 610 1126 646 I.
1151 610 1346 659 Fig.I.C.)‚
1374 609 1435 656 qui
1464 608 1556 641 inter
1583 608 1688 641 binos
1715 606 1920 641 abdominis
1947 620 2063 640 annu-

292 672 344 706 los
371 673 472 720 plicis
495 680 602 707 testae
630 672 828 706 tendinosis
849 685 925 706 sese
958 673 1139 717 inserunt,
1172 685 1318 719 prorsus
1345 671 1468 705 vestita
1495 676 1557 703 cst.
1610 669 1648 703 ln
1675 669 1814 703 annulis
1841 675 1976 702 tantum
2004 681 2063 702 sex

294 736 347 770 vel
373 743 509 782 septem
537 735 774 769 anterioribus
801 735 838 769 hi
866 735 1017 770 musculi
1043 735 1217 769 fasciculis
1240 734 1357 782 planis
1383 739 1415 766 et
1441 730 1753 777 obliquis(s1⁷ab.l.
1782 729 1976 778 Fig.J.A.)
1996 731 2063 763 ob-

291 806 475 847 teguntur5
503 798 565 845 qui
593 810 633 831 cx
659 798 855 832 abdomine
882 799 919 832 in
947 798 1287 845 cephalotlioraeem
1316 793 1492 842 progressi
1520 792 1626 826 liuius
1651 792 1704 825 vel
1732 791 1908 838 superiori
1936 791 2062 837 parieti

291 862 346 896 vel
371 861 539 895 lateribus
565 860 788 906 inseruntur;
821 860 942 895 medio
979 867 1098 894 autem
1136 860 1171 893 in
1199 858 1308 892 dorso
1343 857 1434 890 inter
1471 867 1532 888 eos
1558 855 1656 888 locus
1683 854 1849 888 musculis
1874 853 2062 887 destitutus

291 923 516 969 relinquitur,
544 922 580 956 in
608 935 682 969 quo
711 923 786 969 ipsa
812 923 877 956 sub
905 929 993 957 testa
1020 934 1082 956 cor
1108 922 1214 955 situm
1243 926 1306 953 est.

390 983 437 1017 Ex
474 982 671 1017 abdomine
705 984 742 1017 in
775 982 885 1030 pedes
918 983 955 1016 in
989 982 1148 1029 margine
1183 995 1309 1016 eorum
1346 988 1380 1014 et
1414 979 1600 1026 superiore
1637 985 1671 1012 et
1706 977 1873 1011 inferiore
1909 977 2063 1011 musculi

289 1045 523 1081 descendunt.
543 1065 586 1070 —
604 1047 707 1080 Parte
734 1045 882 1093 quidem
910 1046 946 1079 in
973 1045 1152 1079 anteriore
1175 1043 1383 1078 abdominis
1406 1042 1499 1075 inter
1526 1040 1705 1074 musculos
1732 1038 1889 1073 ‹toi-sales
1917 1045 1951 1072 ct
1978 1051 2062 1072 xen-

289 1109 393 1143 tralcs
419 1109 588 1142 lateribus
612 1107 774 1155 corporis
802 1107 921 1153 magni
948 1107 1097 1140 musculi
1124 1106 1311 1140 transversi
1342 1103 1389 1138 ad
1416 1103 1526 1150 pedes
1556 1102 1775 1148 pertinentes
1802 1100 1906 1141 (Tab.
1922 1101 1950 1135 I.
1979 1101 2062 1148 Fig.

288 1171 315 1205 I.
343 1171 409 1205 Ill.
427 1170 475 1206 H.
510 1169 672 1206 Talel.
699 1170 781 1218 Fig.
799 1170 828 1204 I.
843 1168 914 1208 II.)
942 1168 1038 1202 insiti
1065 1175 1157 1202 sunt.
1218 1168 1259 1201 Hi
1284 1167 1426 1201 duobus
1456 1177 1495 1198 ex
1529 1164 1701 1198 fasciculis
1734 1163 1885 1197 sortibus
1912 1175 1986 1197 sese
2010 1170 2063 1196 te-

287 1233 453 1279 gentibus
480 1233 671 1279 compositi
704 1232 769 1266 sub
798 1231 966 1265 musculis
999 1228 1320 1276 longitu‹,linalilms
1347 1227 1547 1262 dorsalibus
1585 1227 1620 1259 in
1648 1232 1793 1258 externo
1821 1225 1983 1270 corporis
2009 1231 2062 1257 te-

287 1301 458 1341 gumento
489 1295 654 1328 oriuntur
680 1301 714 1327 et
740 1293 925 1340 superiore
951 1291 1086 1339 pedum
1116 1291 1154 1325 in
1178 1291 1337 1338 margine
1365 1290 1401 1323 in
1427 1300 1487 1321 eos
1514 1286 1749 1321 descendunt.
1788 1286 1836 1319 Eo
1866 1286 1959 1323 loco„
1987 1298 2059 1331 quo

289 1369 329 1390 cx
356 1357 552 1391 abdomine
582 1357 618 1391 in
646 1357 813 1391 inferiora
840 1368 876 1390 se
897 1361 1057 1399 vertunt,
1095 1360 1223 1401 quarto
1252 1359 1287 1386 et
1313 1358 1471 1385 extremo
1500 1349 1744 1383 musculorum
1772 1347 1983 1381 vontratimn
2011 1347 2061 1380 sa-

289 1418 421 1452 sciculo
446 1425 611 1465 teguntur
635 1425 669 1452 ct
694 1431 775 1453 eum
802 1418 874 1452 hoe
901 1425 936 1452 et
961 1417 1132 1451 musculis
1158 1414 1273 1462 planis
1299 1413 1378 1447 latis
1406 1411 1564 1458 obliquis
1593 1409 1699 1453 (Ταῦ.
1719 1409 1745 1444 I.
1769 1409 1851 1456 Fig.
1867 1408 1893 1443 I.
1904 1408 1945 1443 E.
1975 1407 2061 1442 Tab.

290 1479 358 1514 III.
386 1479 582 1528 Fig.l.E'.)
609 1486 644 1513 ct
671 1479 837 1513 musculis
863 1479 980 1525 parvis
1006 1477 1171 1513 rotundis
1197 1473 1505 1516 arcuatis(Tal).l.
1535 1473 1619 1520 Fig.
1638 1472 1665 1507 I.
1681 1472 1732 1512 F.)
1760 1470 1944 1504 coniuncti
1972 1476 2062 1504 sunt.

291 1542 446 1588 Margine
473 1549 590 1576 autem
617 1541 752 1589 pedum
784 1542 819 1576 in
846 1542 1014 1576 inferiore
1040 1539 1190 1575 musculi
1215 1538 1332 1585 parvi,
1359 1536 1476 1583 plani,
1503 1534 1645 1569 duobus
1672 1532 1844 1566 fasciculis
1867 1531 2060 1577 compositi

292 1603 397 1644 (Tah.
410 1603 436 1639 I.
464 1604 666 1652 Fig.IlI..J.
701 1603 868 1639 TabJII.
884 1604 965 1652 Fig.
982 1604 1011 1638 I.
1026 1601 1093 1644 J'.),
1121 1602 1183 1649 qui
1208 1599 1334 1648 quovis
1361 1599 1397 1632 in
1416 1597 1547 1631 annulo
1570 1596 1634 1629 sub
1664 1594 1831 1628 musculis
1845 1592 2061 1626 ventralibus

286 1678 401 1713 prope
429 1666 545 1700 nodos
573 1678 764 1700 nervorum
793 1667 848 1700 siti
876 1673 970 1703 sunt„
998 1666 1034 1699 in
1062 1664 1172 1711 pedes
1199 1660 1435 1696 descendunt.

389 1729 588 1762 l‘ostcriore
615 1729 648 1761 in
673 1735 774 1774 parte
798 1727 1004 1762 abdominis
1030 1739 1100 1761 una
1128 1738 1208 1760 cum
1237 1723 1391 1771 pedibus
1417 1721 1455 1754 hi
1476 1732 1625 1767 quoquc
1643 1718 1792 1753 musculi
1814 1715 2061 1763 magnitudine

288 1788 398 1835 magis
425 1789 608 1836 magisque
637 1789 899 1822 imminuuntur
925 1783 1387 1835 <T111›.Ill.Fig.I.7.}J‘.)
1417 1790 1451 1816 ct
1478 1781 1576 1828 parri
1605 1781 1776 1827 planique
1804 1791 1928 1812 eorum
1960 1777 2060 1810 fasci-

288 1851 356 1884 culi
389 1851 575 1884 transversi
610 1851 777 1884 musculis
812 1851 1012 1883 lateralibus
1053 1861 1197 1896 prorsus
1238 1846 1371 1881 obtecti
1408 1851 1499 1878 sunt.
1565 1842 1711 1876 Musculi
1749 1848 1866 1875 autem
1902 1838 2060 1873 laterales

288 1911 390 1951 (Tal).
402 1913 428 1947 I.
458 1913 540 1960 Fig.
558 1913 583 1947 I.
603 1911 648 1947 G.
684 1911 768 1946 Tul).
784 1912 849 1946 Ill.
869 1912 950 1960 [ἧς.
965 1909 1072 1951 [0].)
1100 1911 1167 1945 hac
1186 1909 1348 1956 corporis
1376 1907 1412 1940 in
1439 1912 1538 1952 parte
1569 1904 1739 1938 fasciculis
1766 1903 1916 1936 sortibus
1937 1914 1955 1935 a
1973 1913 2059 1933 wn-

287 1981 339 2007 tre
367 1974 401 2008 in
427 1974 625 2021 posteriora
654 1981 684 2007 ct
714 1973 899 2019 superiora
927 1973 1074 2019 oblique
1091 1971 1367 2006 ascendentibus
1394 1973 1664 2014 componuntur
1699 1972 1732 1999 et
1764 1965 1943 1998 musculos
1978 1963 2057 1995 lon-

285 2035 498 2081 gitudinales
521 2035 677 2069 ‹lorsales
710 2042 745 2069 et
768 2034 967 2080 ventrales,
996 2041 1035 2069 ut
1066 2047 1171 2081 supra
1197 2033 1375 2076 diximus,
1402 2043 1476 2065 non
1501 2029 1630 2063 eodem
1659 2028 1770 2062 modo
1799 2027 1930 2061 divisos
1966 2025 2057 2057 inter

287 2108 323 2130 se
346 2098 581 2144 coniungunt.

387 2161 529 2193 Praeter
561 2159 630 2193 hos
662 2159 868 2193 abdominis
899 2158 1077 2192 musculos
1105 2158 1255 2192 duarum
1295 2157 1401 2190 etiam
1437 2155 1679 2189 musculorum
1715 2153 1885 2186 serierum
1919 2149 2053 2183 mentio

288 2220 448 2255 facienda
474 2228 536 2255 est.
597 2222 756 2255 Primum
792 2221 888 2255 enim
922 2221 1013 2254 inter
1044 2220 1151 2254 binos
1181 2219 1400 2253 anteriorum
1436 2216 1604 2251 undecim
1641 2214 1856 2248 annulorum
1892 2211 2053 2257 corporis

289 2282 325 2314 in
352 2283 518 2316 musculis
537 2283 855 2330 longitudinalibus
882 2282 1082 2317 dorsalibus
1109 2281 1215 2328 positi
1254 2281 1401 2314 musculi
1437 2278 1535 2325 parvi
1565 2275 1749 2310 transversi
1784 2272 1886 2313 (Ταῦ.
1910 2272 1935 2306 l.
1968 2272 2050 2318 lv'ig.

287 2343 315 2377 I.
329 2343 382 2378 K.)
411 2345 691 2391 conspiciuntur,
720 2358 874 2392 (piorum
904 2345 1066 2391 quinque
1091 2344 1286 2377 anteriores
1313 2339 1561 2389 magnitudine
1587 2342 1778 2384 praestant.
1818 2334 1878 2367 His
1906 2333 2053 2367 laciniae

288 2403 502 2437 musculares
517 2406 747 2440 membranae
774 2407 865 2439 illius
888 2405 1103 2449 inseruntur,
1131 2417 1223 2450 quae
1250 2405 1315 2438 sub
1344 2402 1453 2437 corde
1480 2409 1593 2436 totum
1622 2411 1687 2445 per
1701 2397 1883 2431 abdomen
1911 2402 2053 2429 extensa

289 2471 340 2498 cst
367 2471 413 2509 et,
439 2465 466 2498 si
494 2465 538 2498 de
566 2478 728 2501 vasorum
756 2473 1126 2514 systemate-agcmus7
1153 2465 1356 2511 diligentius
1383 2462 1614 2498 describetur.
1665 2459 1753 2492 Tum
1782 2464 1900 2491 autem
1928 2460 2052 2488 notatu

288 2525 386 2572 digni
415 2533 449 2560 et
476 2533 623 2573 propter
649 2529 883 2563 insertionem
919 2535 953 2562 et
980 2534 1127 2574 propter
1159 2540 1260 2560 usum
1298 2526 1370 2559 duo
1405 2522 1549 2557 ordines
1581 2520 1822 2555 musculorum
1857 2528 2048 2563 parvorum

288 2593 381 2631 sunt,
406 2587 468 2633 qui
497 2587 680 2634 alligentlis
709 2590 836 2623 ovariis
863 2588 1069 2623 inserviunt.
1123 2587 1292 2622 Ovarium
1319 2585 1464 2627 scilieet,
1494 2589 1531 2617 ut
1551 2582 1639 2617 infra
1661 2580 1875 2622 videbimus7
1900 2589 1940 2611 cx
1965 2577 2051 2610 tubo
