2419 2972
1142 316 1385 353 —64—

378 416 581 451 distributio
610 414 820 461 opinionem
847 412 1002 461 positam
1029 410 1205 446 affirmare
1230 411 1380 457 videtur,
1407 424 1488 446 nam
1519 419 1554 446 et
1579 410 1807 446 mandibulae
1829 419 1863 446 et
1884 412 2043 447 maxillae
2060 424 2143 447 ner-

379 490 440 512 vos
466 478 550 524 ipsis
576 488 594 510 e
619 476 768 523 gangliis
801 475 1001 521 accipiunt,
1031 471 1094 507 sed
1121 473 1144 507 ii
1173 473 1271 507 nervi
1294 474 1516 519 tenuissimi,
1554 474 1616 521 qui
1644 472 1690 507 ad
1718 473 1782 507 has
1817 479 1933 519 partes
1958 485 1994 507 se
2021 473 2143 507 conse-

380 545 474 583 runt,
501 550 541 571 ex
567 537 633 571 illis
660 537 788 581 nervis,
817 536 878 583 qui
902 534 1099 569 secundum
1126 535 1293 583 ganglion
1319 537 1542 571 thoracicum
1568 548 1648 570 cum
1675 535 1794 582 primo
1820 535 1957 582 ganglio
1976 534 2142 569 abdomi-

385 600 454 634 nali
482 599 726 645 coniungunt,
757 598 932 642 oriuntur,
954 602 994 630 ut
1019 596 1067 630 illi
1095 609 1243 644 quoque
1270 599 1392 642 nervi,
1419 598 1480 645 qui
1507 597 1550 632 ad
1577 597 1780 632 rudimenta
1806 596 1960 631 duorum
1987 596 2143 630 anterio—

380 672 459 694 rum
489 659 622 706 pedum
649 659 915 693 thoracicorum
940 657 1141 704 pertinent,
1181 671 1255 693 non
1282 672 1301 692 e
1327 660 1466 706 ganglio
1497 658 1670 706 quodam,
1696 658 1759 693 sed
1786 671 1804 692 e
1828 658 1942 692 nervis
1965 657 2142 703 oesopha—

380 734 464 768 gum
488 720 811 767 complectentibus
834 720 1054 754 emittuntur.
1109 719 1259 765 Propi-ia
1285 725 1402 753 autem
1431 730 1513 765 pars
1539 717 1715 765 quaedam
1731 745 1742 763 ,
1771 730 1863 765 quae
1889 718 2028 765 linguae
2056 716 2142 752 Cru-

382 790 582 817 staceorum
609 781 760 816 aliorum
786 780 1020 829 respondeat,
1054 781 1090 814 in
1118 780 1243 827 Apode
1271 779 1515 824 desideratur,
1543 779 1606 813 sed
1633 779 1782 814 dubium
1807 792 1881 814 esse
1907 778 2067 823 videtur,
2099 791 2143 813 an

382 843 472 878 haec
496 855 577 890 pars
603 843 639 877 in
667 842 835 877 omnibus
863 842 988 876 ceteris
1015 840 1210 875 Crustaceis
1243 841 1471 876 inferioribus
1506 847 1600 874 certe
1627 839 1864 875 demonstrari
1900 841 2021 888 possit.
2073 840 2145 874 Hae

382 917 507 940 causae
529 912 622 949 sunt,
648 905 779 951 quibus
804 911 921 938 molus
947 902 1260 937 denominationes
1287 902 1358 936 oris
1384 902 1538 948 partium
1564 899 1838 935 commutandas
1862 913 1936 935 esse
1963 902 2094 948 putavi.
