2419 2972
1145 312 1389 347 ...24-

382 404 515 438 11010111
542 404 852 450 cephalothoracis
885 405 1140 452 transgreditur
1175 414 1209 440 et
1242 420 1360 442 1015115
1394 408 1533 442 labrum
1568 406 1760 440 decurrens
1791 419 1871 441 cum
1898 419 2038 444 summo
2065 422 2148 445 san-

380 466 496 511 guinis
523 467 598 500 rivo
627 467 784 500 conssuit.
838 467 912 501 Hoc
937 467 1049 502 modo
1077 469 1261 503 ventriculi
1290 481 1474 515 processus
1507 468 1705 515 glandulosi
1742 468 1909 503 omnibus
1942 483 1961 504 a
1988 471 2148 517 partibus

380 528 551 573 sanguine
579 527 857 562 circumdantur.
890 547 936 553 --
969 529 1157 577 Sanguinis
1183 537 1301 564 autem
1326 530 1513 565 circuitum
1541 541 1661 563 revera
1688 528 1864 562 eiusmodi
1892 542 1984 576 0550,
2017 531 2146 566 11011101

382 589 585 635 complures
613 589 829 624 confirmant
857 591 1146 637 observationes,
1172 593 1330 639 primum
1357 592 1453 626 enim
1481 604 1603 638 margo
1631 591 1941 637 membranaceus,
1970 594 2030 639 qui
2059 605 2146 627 ocu-

380 650 433 683 los
458 650 667 696 circumdat,
694 652 893 686 viventibus
919 653 954 686 in
982 653 1195 687 animalibus
1221 653 1342 688 colore
1369 666 1443 687 non
1469 653 1589 699 nigro,
1615 660 1655 686 ut
1675 652 1884 687 Schael'er
1911 653 1943 693 (l.
1964 654 2143 689 c.'t'ab.11.

378 711 448 757 Fig.
464 711 500 751 I.)
528 725 608 746 eum
637 712 809 759 depinxit,
836 713 899 747 sed
925 714 1034 748 rubro
1061 715 1116 749 vel
1141 716 1336 762 sanguineo
1365 721 1428 759 est,
1456 721 1490 748 et
1516 715 1543 747 si
1568 721 1628 748 aut
1653 714 1713 748 liic
1740 726 1861 761 margo
1888 721 1948 749 aut
1974 721 2061 750 testa
2087 729 2146 750 ce-

378 773 646 819 phalothoracis
672 787 737 810 acu
765 776 924 822 quodam
944 776 1107 822 laeditur,
1133 778 1274 823 sanguis
1300 777 1408 811 ruber
1432 776 1664 810 vehementer
1682 775 1893 811 effunditur:
1919 784 1995 810 tum
2016 777 2052 811 in
2069 778 2145 811 ani-

379 835 531 869 malibus
558 837 772 871 iuvenilibus
798 838 862 871 sub
891 838 1131 885 microscopio
1164 839 1235 873 hoc
1266 840 1302 873 in
1335 838 1494 884 margine
1524 837 1648 884 aequis
1674 838 1862 871 intervallis
1888 839 2085 872 contractio
2113 845 2148 872 et

376 896 556 941 extensio,
583 897 775 943 pulsationi
804 898 946 943 similis,
972 899 1198 940 observatur,
1235 902 1298 947 qui
1326 907 1444 934 motus
1469 899 1637 933 musculis
1664 899 1729 932 illis
1757 898 1900 934 radiatis
1927 899 2018 934 effici
2045 900 2146 935 vide-

375 963 442 991 tur.
496 958 662 1005 Denique
687 958 813 993 iisdem
843 960 880 993 in
907 960 1121 995 animalibus
1158 963 1295 1008 optime
1324 962 1479 1009 perspici
1516 962 1614 1006 licet,
1648 961 1827 1007 sanguinis
1859 963 2067 1008 corpuscula
2105 976 2145 997 ex

376 1026 530 1066 utraque
555 1028 656 1066 parte
681 1022 773 1055 oculi
802 1022 989 1055 anterioris
1016 1024 1184 1069 propulsa
1212 1023 1323 1057 modo
1352 1023 1531 1069 descripto
1561 1022 1750 1057 decurrere
1778 1021 1940 1063 (TabJI.
1964 1024 2146 1071 Fig.XIl.

375 1082 444 1121 A).
485 1082 556 1116 Nec
583 1082 834 1128 negligendum
864 1083 1014 1128 videtur,
1041 1085 1139 1118 110110
1164 1086 1344 1131 sang-uinis
1371 1097 1512 1119 cursum
1541 1085 1694 1118 maxime
1720 1085 1871 1118 similem
1902 1097 1975 1118 0550
2001 1087 2145 1132 sangui—

375 1143 429 1176 nis
458 1144 493 1176 in
521 1143 703 1177 branchiis
729 1145 913 1189 circuitui,
948 1158 1019 1192 qua
1047 1158 1086 1179 ex
1122 1159 1159 1180 re
1186 1146 1353 1180 concludi
1383 1147 1517 1193 possit,
1555 1146 1619 1180 has
1652 1159 1800 1193 quoque
1836 1146 2145 1193 cephalothoracis

376 1211 493 1250 partes
517 1212 625 1238 strato
652 1207 863 1240 tenuissimo
898 1207 1057 1241 eiusdem
1085 1220 1243 1253 massae,
1274 1220 1366 1254 quae
1398 1208 1589 1242 branchias
1622 1208 1832 1254 componit,
1873 1209 2033 1243 obtectas
2059 1220 2146 1254 0550,

374 1277 468 1310 quae
496 1266 621 1312 opinio
651 1273 685 1300 et
712 1267 787 1300 aliis
814 1268 1125 1304 observationibus
1149 1277 1183 1304 01
1208 1271 1480 1317 quaestionibus
1508 1270 1719 1304 anatomicis
1756 1269 1961 1304 confirmari
1993 1269 2144 1305 videtur.

417 1335 595 1365 Aimolalia:
629 1337 697 1366 'fain
724 1338 896 1377 iinpcrlbcto
928 1340 956 1369 in
980 1344 1138 1379 systemate
1161 1350 1298 1371 vasorum
1322 1343 1452 1371 minores
1476 1342 1635 1371 varietates
1667 1343 1822 1381 sanguinis
1854 1342 1993 1372 circuitus
2022 1342 2146 1381 reperin'

458 1390 507 1419 vix
531 1391 634 1420 mirum
656 1393 780 1422 videtur.
824 1394 920 1423 Semel
945 1404 970 1424 0.
993 1404 1022 1434 g.
1048 1404 1100 1434 pro
1123 1396 1277 1435 sanguinis
1301 1397 1424 1426 circuitu
1448 1397 1477 1426 in
1501 1397 1650 1427 anteriore
1672 1396 1929 1436 cephalothoracis
1953 1399 2036 1435 parte
2055 1396 2145 1425 modo

456 1445 605 1485 descripto
629 1446 706 1476 101110
729 1448 902 1478 observavi:
926 1449 1018 1479 Rivnli
1032 1451 1196 1489 sanguinis,
1215 1451 1262 1489 (1111
1284 1450 1356 1480 alias
1380 1460 1416 1480 ex
1440 1455 1562 1490 utraque
1585 1454 1668 1490 parte
1693 1450 1770 1480 oculi
1792 1451 1996 1480 rudimentarii
2017 1459 2147 1490 progre-

457 1499 593 1534 (liuntur,
617 1500 872 1532 desiderata]ntur.
918 1503 1024 1533 Contra
1047 1505 1199 1543 sanguinis
1225 1504 1420 1543 corpuscula,
1455 1514 1529 1544 quac
1561 1505 1693 1544 margine
1723 1505 1752 1534 in
1784 1508 1906 1534 externo
1937 1504 2145 1534 branchiarum

457 1554 530 1582 scuti
554 1554 703 1584 redierunt
725 1565 794 1591 non,
819 1560 846 1585 ut
868 1557 930 1586 11011
955 1558 1040 1596 solet,
1063 1560 1137 1588 scuti
1160 1559 1223 1588 basi
1249 1559 1286 1587 1111
1310 1568 1418 1598 corpus
1439 1568 1471 1589 50
1493 1559 1665 1596 vertebant,
1702 1559 1756 1588 5011
1778 1560 1874 1589 statim
1898 1560 1927 1588 in
1951 1562 2062 1598 partein
2090 1568 2147 1588 ce-

456 1607 678 1645 phalothoraris
703 1611 881 1640 0111011011·οι
908 1614 1117 1651 transgressa,
1140 1612 1175 1641 ab
1199 1615 1323 1651 utroque
1344 1613 1436 1643 latere
1461 1613 1548 1643 oculo
1572 1614 1713 1644 anteriori
1737 1613 1914 1652 affluebant,
1938 1616 1968 1643 ut
1990 1614 2146 1653 sanguinis

462 1662 523 1690 rivo
546 1671 658 1692 suanno
678 1665 938 1702 coniungerentur.

473 1749 500 1784 ἕ.
530 1750 587 1780 21.
640 1748 842 1797 &inguinis
872 1764 940 1798 per
976 1751 1116 1787 labrum
1149 1761 1182 1788 ct
1217 1756 1254 1787 in
1288 1756 1440 1789 cavitate
1471 1754 1679 1790 abdominis
1713 1757 1749 1789 in
1773 1756 1891 1790 eriere
1927 1765 2064 1789 cursus.
2098 1771 2143 1778 —

375 1808 447 1841 lam
475 1810 655 1856 sanguinis
682 1824 822 1845 cursum
851 1826 960 1859 porro
985 1826 1255 1861 persequamur.
1309 1813 1445 1849 Canalis
1469 1816 1525 1850 ille
1553 1817 1868 1860 membranaceus,
1896 1816 1957 1862 qui
1984 1815 2028 1848 ab
2058 1826 2144 1848 ocu-

372 1870 413 1903 lis
439 1878 472 1904 01
500 1879 581 1905 ante
609 1874 854 1920 oesophagum
883 1875 1090 1917 deseendit,
1119 1878 1155 1910 in
1183 1879 1344 1923 eorporis
1371 1885 1471 1924 parte
1498 1878 1646 1912 ventrali
1672 1891 1787 1925 prope
1815 1884 1896 1911 ante
1923 1876 2057 1910 labium
2085 1888 2143 1910 su-

372 1932 492 1977 perius
518 1933 588 1966 exit
615 1933 716 1973 (Tul).
735 1935 781 1970 ll.
810 1936 892 1984 Fig.
915 1937 1026 1972 XVI.
1046 1938 1152 1973 XIX.
1174 1939 1254 1973 ΧΠ
1266 1939 1283 1973 ’,
1299 1939 1353 1988 Q.)
1369 1967 1378 1984 ,
1417 1941 1478 1987 1101
1515 1940 1612 1974 loeus
1648 1947 1791 1973 externa
1826 1940 1862 1973 111
1889 1945 1977 1972 testa
2006 1938 2143 1972 macula

373 1993 529 2039 quadam
557 1995 649 2029 lutea
677 2004 710 2030 01
736 1998 941 2033 semilunari
969 2000 1184 2046 significatus
1213 2008 1273 2035 est.
1326 2001 1513 2048 Sanguinis
1546 2002 1638 2036 rivus
1672 2002 1769 2035 hune
1800 2014 1864 2048 per
1891 2001 2049 2035 canalem
2078 1999 2142 2033 de-

369 2066 505 2099 gressus
531 2055 576 2089 ad
602 2059 802 2103 posteriora
828 2062 986 2106 xertitur,
1014 2068 1048 2095 01
1074 2062 1212 2096 labrum
1240 2064 1346 2097 intrat
1373 2062 1533 2104 tTale.
1561 2062 1841 2111 Fig.XIl'.L.).
1888 2063 1952 2096 Hic
1977 2068 2142 2095 constru-

370 2117 440 2150 ctio
466 2119 611 2164 propria
641 2132 705 2153 nec
733 2121 912 2156 dissimilis
939 2124 994 2168 ei,
1033 2136 1142 2170 quam
1170 2125 1208 2158 in
1235 2124 1431 2159 abdomine
1459 2125 1703 2172 eognovimus,
1728 2125 1912 2172 reperitur.
1975 2123 2017 2157 Ut
2044 2124 2141 2157 enim

370 2179 497 2212 cavitas
524 2180 731 2216 abdominis
758 2185 968 2218 membrana
997 2185 1032 2219 in
1060 2185 1147 2219 duas
1174 2187 1340 2221 cavitates
1367 2187 1560 2232 dividitur,
1596 2188 1642 2221 ita
1670 2188 1706 2221 in
1732 2188 1831 2221 labro
1860 2198 2008 2232 quoque
2035 2185 2141 2219 simili

371 2240 581 2275 membrana
609 2242 710 2285 gibid.
739 2245 804 2284 N.)
843 2246 973 2280 cavitas
1004 2248 1167 2293 superior
1201 2248 1246 2281 ab
1277 2249 1445 2282 inferiore
1484 2249 1688 2295 seiungitur.
1742 2250 1833 2283 Haec
1868 2248 2077 2281 membrana
2104 2246 2141 2280 in

369 2301 527 2348 margine
553 2306 732 2339 anteriore
759 2307 847 2340 labri
875 2320 991 2354 prope
1018 2309 1109 2342 illius
1136 2310 1266 2343 canalis
1294 2310 1425 2343 ostium
1453 2311 1590 2355 ori-tur,
1623 2318 1658 2345 et
1684 2310 1841 2357 margine
1872 2316 2028 2356 utroque
2053 2309 2140 2343 late-

366 2363 427 2396 rali
456 2365 622 2398 musculis
648 2367 685 2400 in
713 2368 881 2402 inferiore
909 2370 1219 2416 cephalothoracis
1247 2378 1345 2416 parte
1371 2372 1445 2405 sitis
1472 2371 1575 2415 (ibid.
1606 2373 1643 2406 T.
1677 2371 1717 2407 U.
1751 2371 1811 2411 Γ.)
1840 2378 1934 2405 arete
1961 2369 2140 2414 adiacens,

365 2425 611 2471 compluribus
638 2428 773 2463 laciniis
799 2437 833 2464 et
860 2431 949 2465 labri
976 2432 1195 2478 marginibus
1227 2432 1429 2466 lateralibus
1458 2440 1492 2467 01
1518 2434 1669 2481 margini
1696 2433 1887 2479 posteriori
1915 2439 2044 2467 asserta
2071 2437 2133 2465 esta.

364 2485 492 2519 Multae
521 2487 625 2533 igitur
652 2491 949 2536 emarginationes
977 2493 1030 2527 vel
1057 2493 1154 2527 sinus
1176 2493 1247 2527 hoc
1276 2492 1387 2527 modo
1413 2501 1682 2540 componuntur
1719 2493 1820 2535 (ibid.
1849 2497 1919 2539 0.),
1954 2505 2018 2540 1)01
2046 2504 2139 2539 quos

362 2546 450 2580 labri
480 2549 610 2584 cavitas
636 2552 800 2597 superior
827 2566 907 2587 cum
937 2554 1103 2589 inferiore
1131 2556 1324 2590 coniuncta
1349 2563 1409 2590 cst.
1462 2556 1653 2591 Foramina
1679 2556 1859 2602 quaedam
1887 2567 2014 2603 parva,
2043 2566 2137 2602 quae
