2419 2972
287 406 390 453 pedis
419 418 605 452 processus
633 406 803 452 sanguine
830 404 990 438 instructi
1018 412 1119 450 sunt,
1154 406 1198 440 ab
1225 407 1326 453 apice
1353 407 1446 442 rivus
1475 409 1550 455 ipse
1575 410 1620 444 ad
1648 412 1843 458 marginem
1870 412 1971 459 pedis
1998 426 2057 447 su-

285 468 464 515 periorem
494 482 530 502 se
561 468 757 512 convertit,
794 472 828 499 et
861 472 1055 511 postquam
1084 465 1151 501 hac
1183 469 1239 502 via
1273 468 1461 503 branchias
1488 470 1575 505 duas
1601 472 1849 520 modo,supra
1876 476 2057 521 copiosius

284 529 464 576 descripto
491 529 678 576 percurrit,
701 527 745 562 ad
772 538 903 573 corpus
930 526 1034 560 redit.

383 592 570 638 Sanguinis
599 591 702 637 igitur
727 601 792 636 per
817 587 928 635 pedes
955 589 1135 635 circuitus,
1160 598 1199 624 ut
1226 592 1272 626 ita
1299 592 1440 639 dicam,
1468 595 1647 641 appendix
1674 595 1784 630 modo
1813 605 1864 631 est
1891 599 2057 633 circuitus

284 666 349 700 per
373 666 504 700 corpus
531 652 668 699 magni,
704 657 739 685 et
766 651 906 698 sanguis
934 651 1188 686 braucliiarum
1217 666 1286 700 ope
1314 655 1350 688 in
1378 655 1532 702 pedibus
1558 658 1694 691 recenti
1722 660 1896 705 oxygonio
1926 660 2057 694 iustru-

283 722 358 749 etus
387 728 467 749 cum
496 722 626 759 cetero,
651 713 714 760 qui
743 725 818 747 non
846 713 1043 760 respiravit,
1070 714 1314 749 confunditur.
1342 738 1388 744 -—
1405 716 1543 763 Modus,
1572 731 1644 764 quo
1673 719 1709 753 in
1737 719 1890 766 pedibus
1917 722 2057 768 sanguis

282 778 403 823 currit,
431 778 500 811 iam
524 776 606 810 satis
633 775 881 810 demonstrare
904 774 1056 820 videtur,
1083 787 1163 810 vasa
1190 778 1384 823 peculiaria
1408 778 1443 812 in
1471 779 1512 812 iis
1540 792 1614 813 non
1643 792 1727 814 csse.

384 838 561 884 Denique,
587 849 631 871 ne
659 836 860 884 quidquam
885 837 1093 884 negligatur,
1119 838 1328 873 addendum
1353 847 1427 886 cst,
1465 842 1665 888 posteriore
1691 843 1724 876 iu
1752 844 1910 891 margine
1937 845 2056 879 cuius—

282 901 332 934 vis
360 899 482 934 annuli
511 899 673 945 corporis
700 899 888 945 perspicue
915 910 995 932 vasa
1023 898 1201 945 quaedam
1230 901 1415 935 annularia
1442 902 1701 950 animadverti,
1734 918 1825 952 quae
1852 906 1970 951 primo
1999 906 2056 940 in-

280 963 370 996 tuitu
398 974 477 996 vasa
505 960 703 1008 sanguil‘era
728 959 853 994 haberi
881 960 1033 1006 possint.
1083 960 1235 995 Maxime
1261 964 1448 1010 perspicua
1476 971 1558 998 sunt
1581 966 1760 999 anteriore
1794 967 1831 1000 in
1862 975 1962 1013 parte
1990 968 2055 1002 ab-

277 1024 450 1069 dominis,
477 1036 570 1071 quae
597 1030 696 1057 scuto
724 1022 865 1057 detecta
892 1029 927 1056 et
949 1022 1048 1056 tenui
1075 1028 1215 1056 tantum
1240 1024 1451 1058 membrana
1477 1026 1600 1060 vestita
1629 1033 1691 1072 est,
1719 1040 1801 1062 nam
1827 1029 1929 1075 plicis
1950 1031 2055 1065 huius

278 1085 512 1119 membranae
541 1085 649 1131 ipsius
675 1096 755 1118 vasa
783 1083 839 1117 illa
866 1090 1147 1130 componuntur.
1201 1085 1361 1121 Primum
1390 1086 1539 1133 quidem
1567 1087 1656 1122 haec
1679 1101 1757 1123 vasa
1786 1090 1932 1126 forsitan
1960 1093 2054 1127 exire

277 1147 315 1181 in
343 1147 483 1180 canales
508 1146 585 1180 illos
612 1146 772 1180 laterales
796 1151 831 1179 et
856 1144 924 1179 bos
951 1145 1044 1179 inter
1065 1157 1102 1179 se
1130 1146 1347 1194 coniungere
1368 1150 1508 1195 putavi,
1543 1157 1664 1185 tamen
1690 1165 1889 1200 numquam
1916 1153 1962 1187 ad
1987 1154 2054 1188 hos

275 1220 390 1254 usque
417 1220 457 1242 ea
484 1207 652 1254 persequi
679 1207 799 1254 potui,
823 1219 933 1254 porro
963 1219 1075 1253 quum
1101 1219 1219 1254 neque
1245 1209 1332 1243 vivis
1359 1210 1394 1244 in
1421 1211 1636 1246 animalibus
1658 1225 1820 1260 unquam
1843 1216 2052 1262 sanguinem

276 1270 314 1303 in
344 1270 385 1303 iis
411 1281 552 1304 currere
589 1268 759 1314 viderim,
793 1281 913 1316 neque
948 1269 986 1302 in
1021 1268 1173 1302 mortuis
1200 1269 1407 1316 sanguinem
1441 1272 1666 1318 coagulatum
1702 1273 1739 1308 in
1775 1274 1816 1309 iis
1842 1279 2052 1325 repererim,

276 1331 365 1365 baec
394 1345 467 1366 uon
494 1344 573 1366 vasa
599 1331 796 1378 sanguisera
820 1344 894 1365 esse
922 1330 1045 1376 credo,
1067 1330 1130 1365 sed
1157 1331 1267 1377 plicas
1294 1332 1405 1367 modo
1434 1333 1544 1379 cutis,
1577 1347 1668 1381 quae
1696 1335 1843 1371 forsitan
1869 1339 2052 1374 mobilita-

275 1400 346 1426 tem
376 1406 416 1427 ac
443 1394 699 1427 flexibilitatem
729 1394 891 1441 corporis
918 1393 1134 1428 annulorum
1161 1401 1331 1441 augeant,
1367 1395 1421 1430 vel
1458 1396 1496 1430 in
1522 1398 1779 1434 commutanda
1803 1406 1892 1436 testa
1915 1402 2048 1437 utilita-

271 1459 343 1486 tem
371 1452 553 1499 quandam
581 1453 750 1488 habeant.

373 1518 400 1554 §.
431 1518 488 1550 23.
541 1514 743 1564 Sanguinis
770 1517 955 1552 circuitus.
991 1536 1036 1541 —
1071 1517 1147 1553 Hoc
1173 1518 1286 1554 modo
1321 1521 1503 1568 sanguinis
1533 1534 1674 1557 cursum
1701 1524 1846 1571 singulis
1873 1524 1909 1558 in
1936 1526 2048 1572 parti-

271 1577 337 1611 bus
367 1578 529 1624 corporis
555 1578 794 1624 persequutis,
819 1585 935 1613 totum
962 1579 1150 1614 circuitum
1177 1593 1251 1616 uno
1279 1582 1316 1616 in
1344 1590 1541 1630 conspectu
1566 1584 1687 1619 videre
1715 1586 1846 1620 licebit.
1869 1604 1913 1610 ·-
1929 1587 2048 1622 Prima

273 1644 308 1671 et
335 1639 526 1684 praecipua
553 1640 755 1686 proprietas
781 1639 887 1673 huius
914 1640 1082 1674 circuitus
1110 1654 1273 1676 vasorum
1295 1644 1529 1689 peculiarium
1554 1644 1677 1692 inopia
1699 1653 1760 1680 est.
1795 1647 1945 1694 Propria
1967 1661 2048 1684 vasa

274 1699 325 1733 ibi
354 1699 465 1734 modo
494 1702 643 1747 reperiri
670 1700 848 1747 videntur,
874 1702 936 1736 ubi
964 1703 1106 1750 sanguis
1132 1704 1241 1738 altera
1274 1717 1292 1739 e
1326 1712 1427 1752 parte
1454 1707 1616 1753 eorporis
1650 1708 1687 1742 in
1723 1709 1869 1743 alteram
1897 1711 2047 1745 transse-

272 1760 405 1794 rendus
433 1768 495 1807 cst,
523 1769 561 1796 ut
587 1763 623 1796 in
652 1763 726 1797 basi
755 1763 948 1797 branchiae
971 1764 1200 1810 scutisormis,
1227 1766 1288 1800 ubi
1317 1773 1352 1801 et
1379 1768 1510 1802 canalis
1537 1768 1675 1803 medius
1703 1782 1846 1816 parvam
1875 1783 1939 1818 per
1962 1784 2046 1818 par-

270 1828 342 1856 tem
372 1823 605 1869 longitudinis
631 1825 842 1858 membrana
869 1826 1038 1871 peculiari
1066 1827 1255 1862 instructus
1282 1836 1345 1875 est,
1373 1837 1407 1864 et
1433 1830 1574 1877 sanguis
1600 1831 1742 1866 rediens
1770 1832 1912 1867 duobus
1939 1834 2045 1868 ramis

270 1895 381 1918 venae
408 1885 624 1920 brancliialis
642 1887 825 1933 excipitur.
864 1887 975 1921 Porro
1002 1888 1131 1923 similia
1157 1903 1237 1925 vasa
1265 1892 1300 1925 in
1322 1893 1453 1926 annulo
1479 1894 1641 1939 corporis
1666 1902 1824 1929 extremo
1852 1895 1975 1930 adesse
1992 1896 2044 1930 vi-

271 1945 414 1992 dentur,
442 1954 480 1982 ut
498 1949 638 1995 sanguis
655 1949 817 1996 corporis
836 1962 875 1983 ex
894 1950 1041 1984 cavitate
1066 1951 1233 1987 inferiore
1262 1954 1296 1988 in
1321 1955 1543 2001 superiorem
1568 1957 1808 2003 transferatur,
1835 1958 1897 1992 sed
1911 1959 2042 1993 horum

274 2021 423 2055 quoque
450 2022 614 2044 vasorum
638 2011 790 2057 plurima
816 2011 918 2057 plicis
945 2018 1082 2047 tautum
1116 2015 1170 2048 vel
1196 2015 1428 2062 duplicatur-is
1458 2018 1634 2052 maiorum
1672 2020 1963 2054 membranarum
1992 2019 2043 2054 cf-

272 2069 360 2104 secta
389 2083 464 2105 csse
492 2071 669 2106 videntur.
704 2071 836 2107 Contra
863 2080 985 2108 nostro
1014 2074 1048 2108 in
1076 2076 1219 2110 animali
1248 2077 1337 2111 haee
1362 2078 1525 2125 simplex,
1552 2079 1680 2120 adbuc,
1709 2080 1810 2127 quod
1835 2081 1921 2126 scio,
1948 2093 2042 2115 non·-

270 2130 358 2165 dum
386 2133 461 2166 aliis
488 2134 524 2167 in
552 2133 765 2168 animalibus
792 2135 977 2170 observata
1004 2135 1135 2171 fabrica
1164 2139 1351 2185 reperitur,
1377 2140 1479 2186 quod
1505 2142 1671 2176 cavitates
1698 2143 1871 2189 eorporiS,
1899 2142 1936 2176 in
1959 2143 2042 2190 qui-

271 2192 338 2226 bus
366 2193 493 2229 diversi
520 2195 700 2242 sanguinis
733 2196 797 2230 rivi
824 2197 958 2242 fluunt,
995 2199 1213 2233 membranis
1245 2200 1396 2234 extensis
1430 2200 1517 2236 duas
1550 2202 1586 2237 in
1619 2204 1784 2238 cavitates
1818 2202 2041 2249 dividuntur,

272 2267 364 2301 quae
401 2268 473 2290 non
510 2257 575 2291 nisi
609 2257 713 2291 certis
746 2257 979 2293 foraminibus
1021 2259 1075 2294 vel
1109 2261 1451 2308 emarginationibus
1483 2264 1575 2298 inter
1611 2277 1648 2298 se
1680 2265 1957 2312 coniunguntur.
1991 2285 2040 2292 —

272 2316 457 2351 Eiusmodi
494 2320 703 2353 membrana
736 2319 772 2354 in
809 2319 1005 2356 abdomine
1034 2322 1232 2370 invenitur,
1270 2324 1396 2359 eadem
1424 2339 1462 2360 ιη
1488 2326 1827 2373 cephalothoracem
1854 2340 2038 2375 progressa

273 2385 307 2412 et
334 2378 453 2412 cordis
477 2381 712 2416 ventriculum
740 2382 951 2417 arteriosum
980 2390 1015 2418 ct
1041 2385 1228 2419 cavitatem
1255 2388 1462 2434 propriam,
1496 2389 1531 2422 in
1564 2401 1636 2435 qua
1667 2390 1855 2424 cerebrum
1882 2397 1917 2424 et
1944 2391 2037 2424 ocuti

268 2439 325 2472 siti
353 2446 459 2485 sunt,
497 2443 703 2489 componit,
741 2449 776 2477 ct
802 2442 848 2478 ad
873 2443 1012 2479 labrum
1036 2458 1151 2493 usque
1178 2446 1397 2483 descendere
1424 2449 1585 2495 videtur,
1619 2450 1719 2485 cuius
1745 2452 1873 2485 cavitas
1906 2450 2035 2485 codem

270 2501 396 2547 modo,
423 2515 495 2549 quo
524 2503 751 2550 abdominis,
789 2505 826 2539 in
849 2506 1072 2552 superiorem
1110 2515 1145 2543 et
1175 2508 1380 2544 inferiorem
1409 2511 1595 2546 cavitatem
1623 2511 1734 2547 divisa
1760 2520 1821 2547 est.
1850 2531 1894 2536 —-
1922 2513 2035 2547 Porro

271 2563 373 2609 quod
399 2563 446 2599 ad
472 2571 683 2600 structuram
711 2565 830 2601 cordis
856 2567 995 2614 attinet,
1022 2568 1113 2605 duos
1133 2571 1369 2617 ventriculOS,
1395 2573 1605 2609 arteriosum
1633 2580 1668 2609 et
1694 2586 1880 2620 vcnosum,
1907 2572 2036 2609 distin·
