<?xml version="1.0" encoding="UTF-8"?>
<!DOCTYPE html PUBLIC "-//W3C//DTD XHTML 1.0 Transitional//EN"
    "http://www.w3.org/TR/xhtml1/DTD/xhtml1-transitional.dtd">
<html xmlns="http://www.w3.org/1999/xhtml" xml:lang="en" lang="en">
 <head>
  <title>
</title>
<meta http-equiv="Content-Type" content="text/html;charset=utf-8" />
  <meta name='ocr-system' content='tesseract 3.04.00' />
  <meta name='ocr-capabilities' content='ocr_page ocr_carea ocr_par ocr_line ocrx_word'/>
</head>
<body>
  <div class='ocr_page' id='page_1' title='image "./deapodiscancrifo00zadd_0033.png"; bbox 0 0 2419 2972; ppageno 0'>
   <div class='ocr_carea' id='block_1_1' title="bbox 1055 323 1300 357">
    <p class='ocr_par' dir='ltr' id='par_1_1' title="bbox 1055 323 1300 357">
     <span class='ocr_line' id='line_1_1' title="bbox 1055 323 1300 357; baseline 0 0"><span class='ocrx_word' id='word_1_1' title='bbox 1055 323 1300 357; x_wconf 84' lang='lat'>—21—</span> 
     </span>
    </p>
   </div>
   <div class='ocr_carea' id='block_1_2' title="bbox 274 416 2051 2623">
    <p class='ocr_par' dir='ltr' id='par_1_2' title="bbox 277 416 2048 712">
     <span class='ocr_line' id='line_1_2' title="bbox 280 416 2048 467; baseline 0.002 -14"><span class='ocrx_word' id='word_1_2' title='bbox 280 420 372 454; x_wconf 86' lang='lat' dir='ltr'>illius</span> <span class='ocrx_word' id='word_1_3' title='bbox 400 418 630 453; x_wconf 87' lang='lat' dir='ltr'>membranae</span> <span class='ocrx_word' id='word_1_4' title='bbox 659 416 851 464; x_wconf 70' lang='lat' dir='ltr'>componi,</span> <span class='ocrx_word' id='word_1_5' title='bbox 891 427 972 449; x_wconf 87' lang='lat' dir='ltr'>nam</span> <span class='ocrx_word' id='word_1_6' title='bbox 1004 416 1150 450; x_wconf 87' lang='lat' dir='ltr'>interius</span> <span class='ocrx_word' id='word_1_7' title='bbox 1181 430 1305 452; x_wconf 88' lang='lat' dir='ltr'>eorum</span> <span class='ocrx_word' id='word_1_8' title='bbox 1338 430 1380 452; x_wconf 88' lang='lat' dir='ltr'>eo</span> <span class='ocrx_word' id='word_1_9' title='bbox 1417 418 1562 454; x_wconf 88' lang='lat' dir='ltr'>demum</span> <span class='ocrx_word' id='word_1_10' title='bbox 1600 420 1705 465; x_wconf 71' lang='lat' dir='ltr'>loce,</span> <span class='ocrx_word' id='word_1_11' title='bbox 1739 433 1811 467; x_wconf 84' lang='lat' dir='ltr'>quo</span> <span class='ocrx_word' id='word_1_12' title='bbox 1840 422 2048 456; x_wconf 86' lang='lat' dir='ltr'>membrana</span> 
     </span>
     <span class='ocr_line' id='line_1_3' title="bbox 280 475 2047 526; baseline 0.001 -13"><span class='ocrx_word' id='word_1_13' title='bbox 280 480 354 526; x_wconf 82' lang='lat' dir='ltr'>ipsa</span> <span class='ocrx_word' id='word_1_14' title='bbox 378 478 528 524; x_wconf 83' lang='lat' dir='ltr'>desinit,</span> <span class='ocrx_word' id='word_1_15' title='bbox 553 479 588 512; x_wconf 91' lang='lat' dir='ltr'>in</span> <span class='ocrx_word' id='word_1_16' title='bbox 617 478 784 512; x_wconf 79' lang='lat' dir='ltr'>inferiore</span> <span class='ocrx_word' id='word_1_17' title='bbox 808 475 1014 510; x_wconf 79' lang='lat' dir='ltr'>abdominis</span> <span class='ocrx_word' id='word_1_18' title='bbox 1040 484 1140 523; x_wconf 86' lang='lat' dir='ltr'>parte</span> <span class='ocrx_word' id='word_1_19' title='bbox 1170 478 1255 511; x_wconf 87' lang='lat' dir='ltr'>oriri</span> <span class='ocrx_word' id='word_1_20' title='bbox 1279 477 1435 519; x_wconf 69' lang='lat' dir='ltr'>videtur,</span> <span class='ocrx_word' id='word_1_21' title='bbox 1464 494 1528 514; x_wconf 87' lang='lat' dir='ltr'>nee</span> <span class='ocrx_word' id='word_1_22' title='bbox 1556 482 1592 516; x_wconf 90' lang='lat' dir='ltr'>in</span> <span class='ocrx_word' id='word_1_23' title='bbox 1620 482 1860 516; x_wconf 67' lang='lat' dir='ltr'>anterioribus</span> <span class='ocrx_word' id='word_1_24' title='bbox 1887 481 2047 515; x_wconf 74' lang='lat' dir='ltr'>eiusdem</span> 
     </span>
     <span class='ocr_line' id='line_1_4' title="bbox 280 538 2045 589; baseline 0.001 -14"><span class='ocrx_word' id='word_1_25' title='bbox 280 541 441 589; x_wconf 88' lang='lat' dir='ltr'>partibus</span> <span class='ocrx_word' id='word_1_26' title='bbox 469 541 667 587; x_wconf 71' lang='lat' dir='ltr'>reperiunt-3</span> <span class='ocrx_word' id='word_1_27' title='bbox 695 538 845 572; x_wconf 84' lang='lat' dir='ltr'>exterius</span> <span class='ocrx_word' id='word_1_28' title='bbox 871 544 1003 583; x_wconf 85' lang='lat' dir='ltr'>autem,</span> <span class='ocrx_word' id='word_1_29' title='bbox 1031 539 1208 585; x_wconf 83' lang='lat' dir='ltr'>imprimis</span> <span class='ocrx_word' id='word_1_30' title='bbox 1235 551 1276 573; x_wconf 87' lang='lat' dir='ltr'>ea</span> <span class='ocrx_word' id='word_1_31' title='bbox 1302 546 1424 585; x_wconf 81' lang='lat' dir='ltr'>parte,</span> <span class='ocrx_word' id='word_1_32' title='bbox 1457 554 1527 587; x_wconf 76' lang='lat' dir='ltr'>qua</span> <span class='ocrx_word' id='word_1_33' title='bbox 1555 544 1591 577; x_wconf 88' lang='lat' dir='ltr'>in</span> <span class='ocrx_word' id='word_1_34' title='bbox 1619 543 1767 577; x_wconf 73' lang='lat' dir='ltr'>cavitate</span> <span class='ocrx_word' id='word_1_35' title='bbox 1793 543 1977 589; x_wconf 81' lang='lat' dir='ltr'>superiore</span> <span class='ocrx_word' id='word_1_36' title='bbox 2001 543 2045 577; x_wconf 88' lang='lat' dir='ltr'>ad</span> 
     </span>
     <span class='ocr_line' id='line_1_5' title="bbox 278 598 2048 651; baseline 0.002 -15"><span class='ocrx_word' id='word_1_37' title='bbox 278 603 408 637; x_wconf 85' lang='lat' dir='ltr'>lineam</span> <span class='ocrx_word' id='word_1_38' title='bbox 438 602 641 636; x_wconf 88' lang='lat' dir='ltr'>medianam</span> <span class='ocrx_word' id='word_1_39' title='bbox 669 599 766 633; x_wconf 86' lang='lat' dir='ltr'>dorsi</span> <span class='ocrx_word' id='word_1_40' title='bbox 794 598 975 638; x_wconf 54' lang='lat' dir='ltr'>ascendit,</span> <span class='ocrx_word' id='word_1_41' title='bbox 1012 599 1235 647; x_wconf 83' lang='lat' dir='ltr'>duplicatura</span> <span class='ocrx_word' id='word_1_42' title='bbox 1271 602 1383 636; x_wconf 87' lang='lat' dir='ltr'>modo</span> <span class='ocrx_word' id='word_1_43' title='bbox 1419 605 1650 639; x_wconf 74' lang='lat' dir='ltr'>membranae</span> <span class='ocrx_word' id='word_1_44' title='bbox 1692 605 1751 645; x_wconf 86' lang='lat' dir='ltr'>(ita</span> <span class='ocrx_word' id='word_1_45' title='bbox 1783 611 1821 637; x_wconf 90' lang='lat' dir='ltr'>ut</span> <span class='ocrx_word' id='word_1_46' title='bbox 1851 605 1939 638; x_wconf 87' lang='lat' dir='ltr'>haee</span> <span class='ocrx_word' id='word_1_47' title='bbox 1973 606 2048 651; x_wconf 82' lang='lat' dir='ltr'>ipsa</span> 
     </span>
     <span class='ocr_line' id='line_1_6' title="bbox 277 660 1795 712; baseline -0.001 -13"><span class='ocrx_word' id='word_1_48' title='bbox 277 665 366 699; x_wconf 77' lang='lat' dir='ltr'>vasis</span> <span class='ocrx_word' id='word_1_49' title='bbox 396 664 540 710; x_wconf 81' lang='lat' dir='ltr'>parietis</span> <span class='ocrx_word' id='word_1_50' title='bbox 566 662 742 696; x_wconf 70' lang='lat' dir='ltr'>inferioris</span> <span class='ocrx_word' id='word_1_51' title='bbox 767 661 897 695; x_wconf 87' lang='lat' dir='ltr'>vicaria</span> <span class='ocrx_word' id='word_1_52' title='bbox 920 661 977 702; x_wconf 85' lang='lat' dir='ltr'>sit)</span> <span class='ocrx_word' id='word_1_53' title='bbox 1006 660 1111 706; x_wconf 73' lang='lat' dir='ltr'>effici,</span> <span class='ocrx_word' id='word_1_54' title='bbox 1137 663 1218 696; x_wconf 87' lang='lat' dir='ltr'>satis</span> <span class='ocrx_word' id='word_1_55' title='bbox 1245 664 1350 709; x_wconf 89' lang='lat' dir='ltr'>plane</span> <span class='ocrx_word' id='word_1_56' title='bbox 1378 677 1435 698; x_wconf 88' lang='lat' dir='ltr'>me</span> <span class='ocrx_word' id='word_1_57' title='bbox 1459 666 1668 711; x_wconf 74' lang='lat' dir='ltr'>cognovisse</span> <span class='ocrx_word' id='word_1_58' title='bbox 1695 673 1795 712; x_wconf 84' lang='lat' dir='ltr'>puto.</span> 
     </span>
    </p>

    <p class='ocr_par' dir='ltr' id='par_1_3' title="bbox 274 722 2047 1138">
     <span class='ocr_line' id='line_1_7' title="bbox 377 722 2044 772; baseline -0.001 -11"><span class='ocrx_word' id='word_1_59' title='bbox 377 728 450 761; x_wconf 88' lang='lat' dir='ltr'>Hoc</span> <span class='ocrx_word' id='word_1_60' title='bbox 478 727 581 771; x_wconf 71' lang='lat' dir='ltr'>igitur</span> <span class='ocrx_word' id='word_1_61' title='bbox 606 722 718 757; x_wconf 90' lang='lat' dir='ltr'>modo</span> <span class='ocrx_word' id='word_1_62' title='bbox 746 723 875 757; x_wconf 75' lang='lat' dir='ltr'>cavitas</span> <span class='ocrx_word' id='word_1_63' title='bbox 901 724 1065 769; x_wconf 77' lang='lat' dir='ltr'>superior</span> <span class='ocrx_word' id='word_1_64' title='bbox 1090 724 1297 758; x_wconf 73' lang='lat' dir='ltr'>abdominis</span> <span class='ocrx_word' id='word_1_65' title='bbox 1325 726 1493 758; x_wconf 80' lang='lat' dir='ltr'>omnibus</span> <span class='ocrx_word' id='word_1_66' title='bbox 1521 738 1539 759; x_wconf 85' lang='lat' dir='ltr'>a</span> <span class='ocrx_word' id='word_1_67' title='bbox 1566 727 1726 772; x_wconf 84' lang='lat' dir='ltr'>partibus</span> <span class='ocrx_word' id='word_1_68' title='bbox 1752 726 1885 760; x_wconf 81' lang='lat' dir='ltr'>seclusa</span> <span class='ocrx_word' id='word_1_69' title='bbox 1913 733 1980 768; x_wconf 70' lang='lat' dir='ltr'>est„</span> <span class='ocrx_word' id='word_1_70' title='bbox 2009 734 2044 760; x_wconf 89' lang='lat' dir='ltr'>et</span> 
     </span>
     <span class='ocr_line' id='line_1_8' title="bbox 277 783 2044 833; baseline -0.001 -11"><span class='ocrx_word' id='word_1_71' title='bbox 277 789 381 822; x_wconf 81' lang='lat' dir='ltr'>certis</span> <span class='ocrx_word' id='word_1_72' title='bbox 407 785 517 822; x_wconf 91' lang='lat' dir='ltr'>modo</span> <span class='ocrx_word' id='word_1_73' title='bbox 545 784 608 818; x_wconf 84' lang='lat' dir='ltr'>viis</span> <span class='ocrx_word' id='word_1_74' title='bbox 635 783 775 829; x_wconf 78' lang='lat' dir='ltr'>sanguis</span> <span class='ocrx_word' id='word_1_75' title='bbox 801 784 832 817; x_wconf 87' lang='lat' dir='ltr'>ei</span> <span class='ocrx_word' id='word_1_76' title='bbox 860 784 1014 829; x_wconf 77' lang='lat' dir='ltr'>affertur,</span> <span class='ocrx_word' id='word_1_77' title='bbox 1040 785 1198 830; x_wconf 85' lang='lat' dir='ltr'>primum</span> <span class='ocrx_word' id='word_1_78' title='bbox 1225 797 1244 818; x_wconf 89' lang='lat' dir='ltr'>a</span> <span class='ocrx_word' id='word_1_79' title='bbox 1270 792 1370 831; x_wconf 91' lang='lat' dir='ltr'>parte</span> <span class='ocrx_word' id='word_1_80' title='bbox 1397 787 1581 832; x_wconf 73' lang='lat' dir='ltr'>superiore</span> <span class='ocrx_word' id='word_1_81' title='bbox 1609 793 1643 820; x_wconf 86' lang='lat' dir='ltr'>et</span> <span class='ocrx_word' id='word_1_82' title='bbox 1669 788 1847 820; x_wconf 85' lang='lat' dir='ltr'>anteriore</span> <span class='ocrx_word' id='word_1_83' title='bbox 1874 787 2044 833; x_wconf 77' lang='lat' dir='ltr'>utrinque</span> 
     </span>
     <span class='ocr_line' id='line_1_9' title="bbox 277 844 2047 896; baseline 0 -14"><span class='ocrx_word' id='word_1_84' title='bbox 277 863 343 896; x_wconf 82' lang='lat' dir='ltr'>per</span> <span class='ocrx_word' id='word_1_85' title='bbox 365 848 502 883; x_wconf 78' lang='lat' dir='ltr'>canales</span> <span class='ocrx_word' id='word_1_86' title='bbox 529 844 705 892; x_wconf 81' lang='lat' dir='ltr'>quosdam</span> <span class='ocrx_word' id='word_1_87' title='bbox 734 845 827 879; x_wconf 86' lang='lat' dir='ltr'>inter</span> <span class='ocrx_word' id='word_1_88' title='bbox 862 847 1041 879; x_wconf 74' lang='lat' dir='ltr'>musi-ulos</span> <span class='ocrx_word' id='word_1_89' title='bbox 1065 845 1221 880; x_wconf 86' lang='lat' dir='ltr'>dorsales</span> <span class='ocrx_word' id='word_1_90' title='bbox 1247 847 1389 881; x_wconf 82' lang='lat' dir='ltr'>relictos</span> <span class='ocrx_word' id='word_1_91' title='bbox 1424 860 1442 881; x_wconf 90' lang='lat' dir='ltr'>c</span> <span class='ocrx_word' id='word_1_92' title='bbox 1477 855 1576 894; x_wconf 90' lang='lat' dir='ltr'>parte</span> <span class='ocrx_word' id='word_1_93' title='bbox 1604 849 1781 881; x_wconf 86' lang='lat' dir='ltr'>anteriore</span> <span class='ocrx_word' id='word_1_94' title='bbox 1809 849 2047 896; x_wconf 86' lang='lat' dir='ltr'>eephalotho-</span> 
     </span>
     <span class='ocr_line' id='line_1_10' title="bbox 276 906 2045 957; baseline 0 -14"><span class='ocrx_word' id='word_1_95' title='bbox 276 909 376 953; x_wconf 83' lang='lat' dir='ltr'>racis,</span> <span class='ocrx_word' id='word_1_96' title='bbox 403 914 478 941; x_wconf 82' lang='lat' dir='ltr'>tuni</span> <span class='ocrx_word' id='word_1_97' title='bbox 505 919 569 954; x_wconf 86' lang='lat' dir='ltr'>per</span> <span class='ocrx_word' id='word_1_98' title='bbox 596 906 755 940; x_wconf 84' lang='lat' dir='ltr'>canalem</span> <span class='ocrx_word' id='word_1_99' title='bbox 786 906 958 952; x_wconf 86' lang='lat' dir='ltr'>imparem</span> <span class='ocrx_word' id='word_1_100' title='bbox 988 907 1077 940; x_wconf 81' lang='lat' dir='ltr'>scuti</span> <span class='ocrx_word' id='word_1_101' title='bbox 1105 919 1123 940; x_wconf 89' lang='lat' dir='ltr'>c</span> <span class='ocrx_word' id='word_1_102' title='bbox 1151 908 1354 954; x_wconf 84' lang='lat' dir='ltr'>branchiis,</span> <span class='ocrx_word' id='word_1_103' title='bbox 1382 909 1540 956; x_wconf 79' lang='lat' dir='ltr'>denique</span> <span class='ocrx_word' id='word_1_104' title='bbox 1569 917 1727 944; x_wconf 84' lang='lat' dir='ltr'>extremo</span> <span class='ocrx_word' id='word_1_105' title='bbox 1757 911 1793 943; x_wconf 92' lang='lat' dir='ltr'>in</span> <span class='ocrx_word' id='word_1_106' title='bbox 1821 912 1952 945; x_wconf 87' lang='lat' dir='ltr'>annulo</span> <span class='ocrx_word' id='word_1_107' title='bbox 1981 923 2045 957; x_wconf 89' lang='lat' dir='ltr'>per</span> 
     </span>
     <span class='ocr_line' id='line_1_11' title="bbox 276 967 2043 1018; baseline 0.001 -14"><span class='ocrx_word' id='word_1_108' title='bbox 276 981 357 1004; x_wconf 78' lang='lat' dir='ltr'>vasa</span> <span class='ocrx_word' id='word_1_109' title='bbox 385 968 496 1003; x_wconf 89' lang='lat' dir='ltr'>modo</span> <span class='ocrx_word' id='word_1_110' title='bbox 524 968 701 1014; x_wconf 77' lang='lat' dir='ltr'>descripta</span> <span class='ocrx_word' id='word_1_111' title='bbox 729 979 769 1001; x_wconf 87' lang='lat' dir='ltr'>ex</span> <span class='ocrx_word' id='word_1_112' title='bbox 793 968 940 1002; x_wconf 80' lang='lat' dir='ltr'>cavitate</span> <span class='ocrx_word' id='word_1_113' title='bbox 968 967 1175 1002; x_wconf 85' lang='lat' dir='ltr'>abdominis</span> <span class='ocrx_word' id='word_1_114' title='bbox 1202 970 1380 1005; x_wconf 82' lang='lat' dir='ltr'>inferiore.</span> <span class='ocrx_word' id='word_1_115' title='bbox 1434 972 1581 1018; x_wconf 69' lang='lat' dir='ltr'>Sanguis</span> <span class='ocrx_word' id='word_1_116' title='bbox 1609 972 1663 1005; x_wconf 85' lang='lat' dir='ltr'>bis</span> <span class='ocrx_word' id='word_1_117' title='bbox 1696 972 1759 1005; x_wconf 77' lang='lat' dir='ltr'>viis</span> <span class='ocrx_word' id='word_1_118' title='bbox 1794 973 1915 1006; x_wconf 78' lang='lat' dir='ltr'>allatus</span> <span class='ocrx_word' id='word_1_119' title='bbox 1942 972 2043 1006; x_wconf 83' lang='lat' dir='ltr'>cordi</span> 
     </span>
     <span class='ocr_line' id='line_1_12' title="bbox 275 1030 2044 1081; baseline 0.002 -16"><span class='ocrx_word' id='word_1_120' title='bbox 275 1030 571 1066; x_wconf 80' lang='lat' dir='ltr'>circumfunditur</span> <span class='ocrx_word' id='word_1_121' title='bbox 593 1037 628 1064; x_wconf 84' lang='lat' dir='ltr'>et</span> <span class='ocrx_word' id='word_1_122' title='bbox 655 1041 809 1076; x_wconf 86' lang='lat' dir='ltr'>expanso</span> <span class='ocrx_word' id='word_1_123' title='bbox 838 1042 880 1063; x_wconf 90' lang='lat' dir='ltr'>eo</span> <span class='ocrx_word' id='word_1_124' title='bbox 908 1042 972 1076; x_wconf 86' lang='lat' dir='ltr'>per</span> <span class='ocrx_word' id='word_1_125' title='bbox 998 1030 1105 1064; x_wconf 84' lang='lat' dir='ltr'>rimas</span> <span class='ocrx_word' id='word_1_126' title='bbox 1125 1031 1285 1066; x_wconf 70' lang='lat' dir='ltr'>laterales</span> <span class='ocrx_word' id='word_1_127' title='bbox 1312 1034 1512 1078; x_wconf 88' lang='lat' dir='ltr'>imbibitur,</span> <span class='ocrx_word' id='word_1_128' title='bbox 1539 1041 1724 1068; x_wconf 77' lang='lat' dir='ltr'>conti-aeto</span> <span class='ocrx_word' id='word_1_129' title='bbox 1752 1041 1870 1068; x_wconf 89' lang='lat' dir='ltr'>autem</span> <span class='ocrx_word' id='word_1_130' title='bbox 1897 1048 1961 1081; x_wconf 84' lang='lat' dir='ltr'>per</span> <span class='ocrx_word' id='word_1_131' title='bbox 1988 1048 2044 1068; x_wconf 85' lang='lat' dir='ltr'>ar-</span> 
     </span>
     <span class='ocr_line' id='line_1_13' title="bbox 274 1091 1049 1138; baseline -0.003 -11"><span class='ocrx_word' id='word_1_132' title='bbox 274 1093 402 1127; x_wconf 79' lang='lat' dir='ltr'>teriam</span> <span class='ocrx_word' id='word_1_133' title='bbox 429 1099 565 1127; x_wconf 85' lang='lat' dir='ltr'>aortam</span> <span class='ocrx_word' id='word_1_134' title='bbox 593 1093 631 1126; x_wconf 89' lang='lat' dir='ltr'>in</span> <span class='ocrx_word' id='word_1_135' title='bbox 658 1104 788 1138; x_wconf 88' lang='lat' dir='ltr'>corpus</span> <span class='ocrx_word' id='word_1_136' title='bbox 813 1091 1049 1126; x_wconf 88' lang='lat' dir='ltr'>distribuitur.</span> 
     </span>
    </p>

    <p class='ocr_par' dir='ltr' id='par_1_4' title="bbox 274 1153 2051 2623">
     <span class='ocr_line' id='line_1_14' title="bbox 374 1153 2045 1199; baseline 0.002 -13"><span class='ocrx_word' id='word_1_137' title='bbox 374 1157 403 1194; x_wconf 89' lang='lat'>§.</span> <span class='ocrx_word' id='word_1_138' title='bbox 435 1156 488 1189; x_wconf 76' lang='lat'>18.</span> <span class='ocrx_word' id='word_1_139' title='bbox 544 1153 831 1189; x_wconf 75' lang='lat' dir='ltr'>Observationes</span> <span class='ocrx_word' id='word_1_140' title='bbox 866 1155 961 1189; x_wconf 66' lang='lat' dir='ltr'>vivis</span> <span class='ocrx_word' id='word_1_141' title='bbox 998 1156 1036 1189; x_wconf 79' lang='lat' dir='ltr'>in</span> <span class='ocrx_word' id='word_1_142' title='bbox 1067 1154 1286 1190; x_wconf 77' lang='lat' dir='ltr'>animalibus</span> <span class='ocrx_word' id='word_1_143' title='bbox 1311 1159 1453 1199; x_wconf 79' lang='lat' dir='ltr'>factae.</span> <span class='ocrx_word' id='word_1_144' title='bbox 1487 1178 1532 1184; x_wconf 92' lang='lat'>—</span> <span class='ocrx_word' id='word_1_145' title='bbox 1572 1158 1656 1191; x_wconf 79' lang='lat' dir='ltr'>llcm</span> <span class='ocrx_word' id='word_1_146' title='bbox 1682 1159 1728 1191; x_wconf 89' lang='lat' dir='ltr'>ita</span> <span class='ocrx_word' id='word_1_147' title='bbox 1755 1170 1791 1190; x_wconf 89' lang='lat' dir='ltr'>se</span> <span class='ocrx_word' id='word_1_148' title='bbox 1819 1157 1974 1197; x_wconf 65' lang='lat' dir='ltr'>habere,</span> <span class='ocrx_word' id='word_1_149' title='bbox 2006 1164 2045 1190; x_wconf 86' lang='lat' dir='ltr'>ut</span> 
     </span>
     <span class='ocr_line' id='line_1_15' title="bbox 276 1215 2048 1266; baseline 0.001 -16"><span class='ocrx_word' id='word_1_150' title='bbox 276 1217 503 1263; x_wconf 78' lang='lat' dir='ltr'>quaestiones</span> <span class='ocrx_word' id='word_1_151' title='bbox 537 1216 760 1250; x_wconf 84' lang='lat' dir='ltr'>anatomicae</span> <span class='ocrx_word' id='word_1_152' title='bbox 804 1215 935 1250; x_wconf 88' lang='lat' dir='ltr'>docere</span> <span class='ocrx_word' id='word_1_153' title='bbox 973 1215 1163 1262; x_wconf 76' lang='lat' dir='ltr'>videntur,</span> <span class='ocrx_word' id='word_1_154' title='bbox 1210 1218 1286 1251; x_wconf 85' lang='lat' dir='ltr'>aliis</span> <span class='ocrx_word' id='word_1_155' title='bbox 1327 1232 1476 1266; x_wconf 85' lang='lat' dir='ltr'>quoque</span> <span class='ocrx_word' id='word_1_156' title='bbox 1513 1220 1823 1254; x_wconf 72' lang='lat' dir='ltr'>observationibus</span> <span class='ocrx_word' id='word_1_157' title='bbox 1854 1219 2048 1253; x_wconf 82' lang='lat' dir='ltr'>confirma-</span> 
     </span>
     <span class='ocr_line' id='line_1_16' title="bbox 274 1279 2043 1327; baseline 0.001 -14"><span class='ocrx_word' id='word_1_158' title='bbox 274 1286 341 1313; x_wconf 85' lang='lat' dir='ltr'>tur.</span> <span class='ocrx_word' id='word_1_159' title='bbox 369 1298 416 1304; x_wconf 95' lang='lat'><strong>—</strong></span> <span class='ocrx_word' id='word_1_160' title='bbox 442 1279 601 1313; x_wconf 85' lang='lat' dir='ltr'>Primum</span> <span class='ocrx_word' id='word_1_161' title='bbox 630 1279 725 1312; x_wconf 88' lang='lat' dir='ltr'>enim</span> <span class='ocrx_word' id='word_1_162' title='bbox 753 1279 881 1312; x_wconf 77' lang='lat' dir='ltr'>cavitas</span> <span class='ocrx_word' id='word_1_163' title='bbox 907 1279 1070 1325; x_wconf 80' lang='lat' dir='ltr'>superior</span> <span class='ocrx_word' id='word_1_164' title='bbox 1097 1279 1267 1325; x_wconf 80' lang='lat' dir='ltr'>sanguine</span> <span class='ocrx_word' id='word_1_165' title='bbox 1294 1281 1479 1327; x_wconf 79' lang='lat' dir='ltr'>coagulato</span> <span class='ocrx_word' id='word_1_166' title='bbox 1498 1282 1629 1327; x_wconf 86' lang='lat' dir='ltr'>repleta</span> <span class='ocrx_word' id='word_1_167' title='bbox 1658 1282 1694 1315; x_wconf 92' lang='lat' dir='ltr'>in</span> <span class='ocrx_word' id='word_1_168' title='bbox 1713 1281 1925 1315; x_wconf 85' lang='lat' dir='ltr'>animalibus</span> <span class='ocrx_word' id='word_1_169' title='bbox 1943 1294 2043 1315; x_wconf 82' lang='lat' dir='ltr'>mor-</span> 
     </span>
     <span class='ocr_line' id='line_1_17' title="bbox 274 1340 2046 1387; baseline 0.001 -13"><span class='ocrx_word' id='word_1_170' title='bbox 274 1341 343 1375; x_wconf 89' lang='lat' dir='ltr'>tuis</span> <span class='ocrx_word' id='word_1_171' title='bbox 368 1352 474 1387; x_wconf 84' lang='lat' dir='ltr'>saepe</span> <span class='ocrx_word' id='word_1_172' title='bbox 502 1340 690 1374; x_wconf 87' lang='lat' dir='ltr'>invenitur.</span> <span class='ocrx_word' id='word_1_173' title='bbox 719 1340 913 1386; x_wconf 85' lang='lat' dir='ltr'>Praecipue.</span> <span class='ocrx_word' id='word_1_174' title='bbox 942 1340 1090 1387; x_wconf 85' lang='lat' dir='ltr'>quidem</span> <span class='ocrx_word' id='word_1_175' title='bbox 1115 1342 1175 1375; x_wconf 88' lang='lat' dir='ltr'>hie</span> <span class='ocrx_word' id='word_1_176' title='bbox 1201 1343 1294 1376; x_wconf 88' lang='lat' dir='ltr'>eirca</span> <span class='ocrx_word' id='word_1_177' title='bbox 1322 1355 1384 1376; x_wconf 88' lang='lat' dir='ltr'>cor</span> <span class='ocrx_word' id='word_1_178' title='bbox 1413 1350 1447 1377; x_wconf 90' lang='lat' dir='ltr'>et</span> <span class='ocrx_word' id='word_1_179' title='bbox 1473 1343 1518 1377; x_wconf 89' lang='lat' dir='ltr'>ad</span> <span class='ocrx_word' id='word_1_180' title='bbox 1545 1345 1651 1377; x_wconf 88' lang='lat' dir='ltr'>rimas</span> <span class='ocrx_word' id='word_1_181' title='bbox 1675 1344 1749 1378; x_wconf 86' lang='lat' dir='ltr'>eius</span> <span class='ocrx_word' id='word_1_182' title='bbox 1775 1344 1934 1377; x_wconf 84' lang='lat' dir='ltr'>laterales</span> <span class='ocrx_word' id='word_1_183' title='bbox 1961 1344 2046 1377; x_wconf 78' lang='lat' dir='ltr'>situs</span> 
     </span>
     <span class='ocr_line' id='line_1_18' title="bbox 280 1401 2046 1447; baseline 0.002 -11"><span class='ocrx_word' id='word_1_184' title='bbox 280 1410 352 1447; x_wconf 87' lang='lat' dir='ltr'>est,</span> <span class='ocrx_word' id='word_1_185' title='bbox 388 1401 567 1436; x_wconf 87' lang='lat' dir='ltr'>interdum</span> <span class='ocrx_word' id='word_1_186' title='bbox 594 1408 711 1436; x_wconf 87' lang='lat' dir='ltr'>autem</span> <span class='ocrx_word' id='word_1_187' title='bbox 740 1402 833 1435; x_wconf 89' lang='lat' dir='ltr'>inter</span> <span class='ocrx_word' id='word_1_188' title='bbox 859 1403 1106 1436; x_wconf 83' lang='lat' dir='ltr'>membranam</span> <span class='ocrx_word' id='word_1_189' title='bbox 1136 1403 1229 1437; x_wconf 92' lang='lat' dir='ltr'>illam</span> <span class='ocrx_word' id='word_1_190' title='bbox 1258 1411 1293 1438; x_wconf 87' lang='lat' dir='ltr'>et</span> <span class='ocrx_word' id='word_1_191' title='bbox 1315 1405 1494 1439; x_wconf 85' lang='lat' dir='ltr'>musculos</span> <span class='ocrx_word' id='word_1_192' title='bbox 1522 1405 1678 1439; x_wconf 84' lang='lat' dir='ltr'>dorsales</span> <span class='ocrx_word' id='word_1_193' title='bbox 1710 1405 1754 1439; x_wconf 88' lang='lat' dir='ltr'>ad</span> <span class='ocrx_word' id='word_1_194' title='bbox 1789 1406 2046 1439; x_wconf 66' lang='lat' dir='ltr'>ext.r‹;=‚mitatem</span> 
     </span>
     <span class='ocr_line' id='line_1_19' title="bbox 278 1462 2049 1514; baseline 0.002 -17"><span class='ocrx_word' id='word_1_195' title='bbox 278 1475 392 1509; x_wconf 82' lang='lat' dir='ltr'>usque</span> <span class='ocrx_word' id='word_1_196' title='bbox 428 1462 590 1508; x_wconf 88' lang='lat' dir='ltr'>eorporis</span> <span class='ocrx_word' id='word_1_197' title='bbox 626 1474 706 1495; x_wconf 90' lang='lat' dir='ltr'>eum</span> <span class='ocrx_word' id='word_1_198' title='bbox 740 1463 909 1509; x_wconf 81' lang='lat' dir='ltr'>persequi</span> <span class='ocrx_word' id='word_1_199' title='bbox 944 1463 1036 1497; x_wconf 87' lang='lat' dir='ltr'>licet.</span> <span class='ocrx_word' id='word_1_200' title='bbox 1087 1463 1176 1498; x_wconf 83' lang='lat' dir='ltr'>Tum</span> <span class='ocrx_word' id='word_1_201' title='bbox 1210 1473 1328 1500; x_wconf 81' lang='lat' dir='ltr'>autem</span> <span class='ocrx_word' id='word_1_202' title='bbox 1352 1468 1492 1514; x_wconf 88' lang='lat' dir='ltr'>saepius</span> <span class='ocrx_word' id='word_1_203' title='bbox 1525 1468 1690 1501; x_wconf 90' lang='lat' dir='ltr'>iuvenilia</span> <span class='ocrx_word' id='word_1_204' title='bbox 1718 1468 1942 1512; x_wconf 59' lang='lat' dir='ltr'>animalcula,</span> <span class='ocrx_word' id='word_1_205' title='bbox 1970 1468 2049 1500; x_wconf 86' lang='lat' dir='ltr'>lou-</span> 
     </span>
     <span class='ocr_line' id='line_1_20' title="bbox 277 1523 2051 1574; baseline 0.001 -15"><span class='ocrx_word' id='word_1_206' title='bbox 277 1524 437 1572; x_wconf 82' lang='lat' dir='ltr'>gitudine</span> <span class='ocrx_word' id='word_1_207' title='bbox 465 1524 535 1558; x_wconf 82' lang='lat' dir='ltr'>sere</span> <span class='ocrx_word' id='word_1_208' title='bbox 562 1523 668 1558; x_wconf 85' lang='lat' dir='ltr'>trium</span> <span class='ocrx_word' id='word_1_209' title='bbox 693 1524 885 1566; x_wconf 83' lang='lat' dir='ltr'>linearum,</span> <span class='ocrx_word' id='word_1_210' title='bbox 913 1527 1044 1572; x_wconf 78' lang='lat' dir='ltr'>reperi,</span> <span class='ocrx_word' id='word_1_211' title='bbox 1067 1527 1104 1561; x_wconf 89' lang='lat' dir='ltr'>in</span> <span class='ocrx_word' id='word_1_212' title='bbox 1133 1527 1264 1574; x_wconf 81' lang='lat' dir='ltr'>quibus</span> <span class='ocrx_word' id='word_1_213' title='bbox 1293 1534 1379 1561; x_wconf 87' lang='lat' dir='ltr'>testa</span> <span class='ocrx_word' id='word_1_214' title='bbox 1405 1528 1504 1562; x_wconf 88' lang='lat' dir='ltr'>brevi</span> <span class='ocrx_word' id='word_1_215' title='bbox 1532 1534 1612 1561; x_wconf 82' lang='lat' dir='ltr'>ante</span> <span class='ocrx_word' id='word_1_216' title='bbox 1630 1535 1848 1561; x_wconf 85' lang='lat' dir='ltr'>commutata</span> <span class='ocrx_word' id='word_1_217' title='bbox 1876 1535 1945 1561; x_wconf 82' lang='lat' dir='ltr'>tam</span> <span class='ocrx_word' id='word_1_218' title='bbox 1976 1535 2051 1561; x_wconf 87' lang='lat' dir='ltr'>erat</span> 
     </span>
     <span class='ocr_line' id='line_1_21' title="bbox 276 1585 2046 1636; baseline 0.001 -17"><span class='ocrx_word' id='word_1_219' title='bbox 276 1585 475 1632; x_wconf 86' lang='lat' dir='ltr'>pellucida,</span> <span class='ocrx_word' id='word_1_220' title='bbox 514 1593 553 1620; x_wconf 90' lang='lat' dir='ltr'>ut</span> <span class='ocrx_word' id='word_1_221' title='bbox 579 1594 614 1620; x_wconf 90' lang='lat' dir='ltr'>et</span> <span class='ocrx_word' id='word_1_222' title='bbox 640 1598 702 1620; x_wconf 90' lang='lat' dir='ltr'>eor</span> <span class='ocrx_word' id='word_1_223' title='bbox 730 1592 764 1619; x_wconf 85' lang='lat' dir='ltr'>et</span> <span class='ocrx_word' id='word_1_224' title='bbox 791 1586 1001 1621; x_wconf 88' lang='lat' dir='ltr'>membrana</span> <span class='ocrx_word' id='word_1_225' title='bbox 1034 1587 1066 1621; x_wconf 91' lang='lat' dir='ltr'>ei</span> <span class='ocrx_word' id='word_1_226' title='bbox 1093 1588 1280 1623; x_wconf 87' lang='lat' dir='ltr'>subiacens</span> <span class='ocrx_word' id='word_1_227' title='bbox 1314 1590 1409 1623; x_wconf 90' lang='lat' dir='ltr'>bene</span> <span class='ocrx_word' id='word_1_228' title='bbox 1435 1589 1590 1636; x_wconf 85' lang='lat' dir='ltr'>perspici</span> <span class='ocrx_word' id='word_1_229' title='bbox 1617 1595 1772 1635; x_wconf 85' lang='lat' dir='ltr'>possent.</span> <span class='ocrx_word' id='word_1_230' title='bbox 1826 1588 1895 1622; x_wconf 86' lang='lat' dir='ltr'>Cor</span> <span class='ocrx_word' id='word_1_231' title='bbox 1922 1589 2046 1635; x_wconf 73' lang='lat' dir='ltr'>aequis</span> 
     </span>
     <span class='ocr_line' id='line_1_22' title="bbox 276 1646 2045 1697; baseline 0 -16"><span class='ocrx_word' id='word_1_232' title='bbox 276 1648 467 1681; x_wconf 85' lang='lat' dir='ltr'>intervallis</span> <span class='ocrx_word' id='word_1_233' title='bbox 497 1659 571 1682; x_wconf 88' lang='lat' dir='ltr'>sese</span> <span class='ocrx_word' id='word_1_234' title='bbox 605 1646 774 1694; x_wconf 84' lang='lat' dir='ltr'>expandit</span> <span class='ocrx_word' id='word_1_235' title='bbox 809 1654 844 1681; x_wconf 89' lang='lat' dir='ltr'>et</span> <span class='ocrx_word' id='word_1_236' title='bbox 870 1649 1069 1693; x_wconf 72' lang='lat' dir='ltr'>contraxit,</span> <span class='ocrx_word' id='word_1_237' title='bbox 1105 1656 1139 1683; x_wconf 88' lang='lat' dir='ltr'>et</span> <span class='ocrx_word' id='word_1_238' title='bbox 1166 1650 1202 1684; x_wconf 89' lang='lat' dir='ltr'>id</span> <span class='ocrx_word' id='word_1_239' title='bbox 1230 1650 1379 1697; x_wconf 81' lang='lat' dir='ltr'>quidem</span> <span class='ocrx_word' id='word_1_240' title='bbox 1404 1663 1479 1684; x_wconf 92' lang='lat' dir='ltr'>non</span> <span class='ocrx_word' id='word_1_241' title='bbox 1512 1657 1551 1684; x_wconf 92' lang='lat' dir='ltr'>ut</span> <span class='ocrx_word' id='word_1_242' title='bbox 1575 1650 1792 1684; x_wconf 79' lang='lat' dir='ltr'>Inseetorum</span> <span class='ocrx_word' id='word_1_243' title='bbox 1821 1662 1879 1684; x_wconf 68' lang='lat' dir='ltr'>vas</span> <span class='ocrx_word' id='word_1_244' title='bbox 1906 1650 2045 1683; x_wconf 78' lang='lat' dir='ltr'>dorsale.</span> 
     </span>
     <span class='ocr_line' id='line_1_23' title="bbox 276 1710 2047 1759; baseline 0.001 -16"><span class='ocrx_word' id='word_1_245' title='bbox 276 1716 378 1744; x_wconf 82' lang='lat' dir='ltr'>motu</span> <span class='ocrx_word' id='word_1_246' title='bbox 406 1722 424 1743; x_wconf 91' lang='lat' dir='ltr'>a</span> <span class='ocrx_word' id='word_1_247' title='bbox 451 1711 650 1756; x_wconf 84' lang='lat' dir='ltr'>posteriore</span> <span class='ocrx_word' id='word_1_248' title='bbox 676 1716 776 1756; x_wconf 87' lang='lat' dir='ltr'>parte</span> <span class='ocrx_word' id='word_1_249' title='bbox 804 1710 842 1744; x_wconf 89' lang='lat' dir='ltr'>in</span> <span class='ocrx_word' id='word_1_250' title='bbox 865 1712 1083 1746; x_wconf 85' lang='lat' dir='ltr'>anteriorem</span> <span class='ocrx_word' id='word_1_251' title='bbox 1111 1712 1387 1759; x_wconf 69' lang='lat' dir='ltr'>progrediente,</span> <span class='ocrx_word' id='word_1_252' title='bbox 1410 1711 1472 1746; x_wconf 88' lang='lat' dir='ltr'>sed</span> <span class='ocrx_word' id='word_1_253' title='bbox 1496 1711 1624 1745; x_wconf 88' lang='lat' dir='ltr'>eodem</span> <span class='ocrx_word' id='word_1_254' title='bbox 1652 1718 1816 1758; x_wconf 87' lang='lat' dir='ltr'>tempore</span> <span class='ocrx_word' id='word_1_255' title='bbox 1844 1718 1954 1745; x_wconf 80' lang='lat' dir='ltr'>totam</span> <span class='ocrx_word' id='word_1_256' title='bbox 1984 1724 2047 1758; x_wconf 81' lang='lat' dir='ltr'>per</span> 
     </span>
     <span class='ocr_line' id='line_1_24' title="bbox 276 1770 2046 1819; baseline 0.001 -15"><span class='ocrx_word' id='word_1_257' title='bbox 276 1770 562 1818; x_wconf 60' lang='lat' dir='ltr'>longitudinem,</span> <span class='ocrx_word' id='word_1_258' title='bbox 595 1771 632 1805; x_wconf 91' lang='lat' dir='ltr'>id</span> <span class='ocrx_word' id='word_1_259' title='bbox 660 1770 760 1817; x_wconf 85' lang='lat' dir='ltr'>quod</span> <span class='ocrx_word' id='word_1_260' title='bbox 787 1771 877 1805; x_wconf 90' lang='lat' dir='ltr'>mihi</span> <span class='ocrx_word' id='word_1_261' title='bbox 909 1772 1002 1806; x_wconf 87' lang='lat' dir='ltr'>hanc</span> <span class='ocrx_word' id='word_1_262' title='bbox 1035 1773 1083 1807; x_wconf 92' lang='lat' dir='ltr'>ob</span> <span class='ocrx_word' id='word_1_263' title='bbox 1110 1786 1186 1808; x_wconf 89' lang='lat' dir='ltr'>rem</span> <span class='ocrx_word' id='word_1_264' title='bbox 1214 1773 1486 1807; x_wconf 85' lang='lat' dir='ltr'>admonendum</span> <span class='ocrx_word' id='word_1_265' title='bbox 1514 1772 1671 1817; x_wconf 80' lang='lat' dir='ltr'>videtur,</span> <span class='ocrx_word' id='word_1_266' title='bbox 1707 1772 1810 1819; x_wconf 83' lang='lat' dir='ltr'>quod</span> <span class='ocrx_word' id='word_1_267' title='bbox 1835 1773 2046 1808; x_wconf 87' lang='lat' dir='ltr'>Schael&#39;er</span> 
     </span>
     <span class='ocr_line' id='line_1_25' title="bbox 276 1830 2044 1881; baseline 0.001 -17"><span class='ocrx_word' id='word_1_268' title='bbox 276 1830 395 1865; x_wconf 84' lang='lat' dir='ltr'>cordis</span> <span class='ocrx_word' id='word_1_269' title='bbox 421 1832 622 1866; x_wconf 85' lang='lat' dir='ltr'>motionem</span> <span class='ocrx_word' id='word_1_270' title='bbox 649 1833 708 1866; x_wconf 93' lang='lat' dir='ltr'>illo</span> <span class='ocrx_word' id='word_1_271' title='bbox 737 1832 849 1867; x_wconf 88' lang='lat' dir='ltr'>modo</span> <span class='ocrx_word' id='word_1_272' title='bbox 875 1832 966 1867; x_wconf 77' lang='lat' dir='ltr'>effici</span> <span class='ocrx_word' id='word_1_273' title='bbox 1001 1833 1098 1868; x_wconf 83' lang='lat' dir='ltr'>dicit.</span> <span class='ocrx_word' id='word_1_274' title='bbox 1159 1834 1456 1881; x_wconf 79' lang='lat' dir='ltr'>Quotiescunque</span> <span class='ocrx_word' id='word_1_275' title='bbox 1488 1840 1606 1868; x_wconf 78' lang='lat' dir='ltr'>autem</span> <span class='ocrx_word' id='word_1_276' title='bbox 1641 1846 1704 1867; x_wconf 88' lang='lat' dir='ltr'>cor</span> <span class='ocrx_word' id='word_1_277' title='bbox 1738 1846 1774 1867; x_wconf 91' lang='lat' dir='ltr'>se</span> <span class='ocrx_word' id='word_1_278' title='bbox 1807 1832 2044 1879; x_wconf 70' lang='lat' dir='ltr'>expandebat,</span> 
     </span>
     <span class='ocr_line' id='line_1_26' title="bbox 275 1892 2041 1943; baseline 0 -17"><span class='ocrx_word' id='word_1_279' title='bbox 275 1904 342 1939; x_wconf 88' lang='lat' dir='ltr'>per</span> <span class='ocrx_word' id='word_1_280' title='bbox 368 1892 475 1927; x_wconf 90' lang='lat' dir='ltr'>rimas</span> <span class='ocrx_word' id='word_1_281' title='bbox 508 1893 582 1927; x_wconf 86' lang='lat' dir='ltr'>eius</span> <span class='ocrx_word' id='word_1_282' title='bbox 613 1894 772 1928; x_wconf 79' lang='lat' dir='ltr'>laterales</span> <span class='ocrx_word' id='word_1_283' title='bbox 803 1895 984 1941; x_wconf 76' lang='lat' dir='ltr'>sanguinis</span> <span class='ocrx_word' id='word_1_284' title='bbox 1012 1898 1223 1943; x_wconf 84' lang='lat' dir='ltr'>corpuscula</span> <span class='ocrx_word' id='word_1_285' title='bbox 1253 1897 1465 1931; x_wconf 85' lang='lat' dir='ltr'>circumfusa</span> <span class='ocrx_word' id='word_1_286' title='bbox 1497 1895 1729 1930; x_wconf 77' lang='lat' dir='ltr'>vehementer</span> <span class='ocrx_word' id='word_1_287' title='bbox 1761 1895 2041 1928; x_wconf 86' lang='lat' dir='ltr'>imbibebantur.</span> 
     </span>
     <span class='ocr_line' id='line_1_27' title="bbox 275 1954 2043 2005; baseline 0.001 -18"><span class='ocrx_word' id='word_1_288' title='bbox 275 1954 364 1988; x_wconf 88' lang='lat' dir='ltr'>Tum</span> <span class='ocrx_word' id='word_1_289' title='bbox 391 1954 419 1988; x_wconf 89' lang='lat' dir='ltr'>si</span> <span class='ocrx_word' id='word_1_290' title='bbox 447 1967 509 1989; x_wconf 90' lang='lat' dir='ltr'>cor</span> <span class='ocrx_word' id='word_1_291' title='bbox 533 1956 830 2002; x_wconf 72' lang='lat' dir='ltr'>contrahebatur,</span> <span class='ocrx_word' id='word_1_292' title='bbox 866 1957 1003 1991; x_wconf 86' lang='lat' dir='ltr'>rimulis</span> <span class='ocrx_word' id='word_1_293' title='bbox 1032 1959 1157 1993; x_wconf 86' lang='lat' dir='ltr'>clausis</span> <span class='ocrx_word' id='word_1_294' title='bbox 1193 1959 1250 1993; x_wconf 90' lang='lat' dir='ltr'>illa</span> <span class='ocrx_word' id='word_1_295' title='bbox 1285 1960 1322 1993; x_wconf 89' lang='lat' dir='ltr'>in</span> <span class='ocrx_word' id='word_1_296' title='bbox 1349 1958 1458 1993; x_wconf 91' lang='lat' dir='ltr'>corde</span> <span class='ocrx_word' id='word_1_297' title='bbox 1490 1959 1567 2005; x_wconf 89' lang='lat' dir='ltr'>ipso</span> <span class='ocrx_word' id='word_1_298' title='bbox 1601 1970 1620 1992; x_wconf 91' lang='lat' dir='ltr'>a</span> <span class='ocrx_word' id='word_1_299' title='bbox 1652 1958 1852 2004; x_wconf 85' lang='lat' dir='ltr'>posteriore</span> <span class='ocrx_word' id='word_1_300' title='bbox 1879 1964 1979 2003; x_wconf 86' lang='lat' dir='ltr'>parte</span> <span class='ocrx_word' id='word_1_301' title='bbox 2009 1956 2043 1989; x_wconf 89' lang='lat' dir='ltr'>in</span> 
     </span>
     <span class='ocr_line' id='line_1_28' title="bbox 277 2017 2042 2068; baseline 0.001 -18"><span class='ocrx_word' id='word_1_302' title='bbox 277 2017 493 2051; x_wconf 85' lang='lat' dir='ltr'>anteriorem</span> <span class='ocrx_word' id='word_1_303' title='bbox 532 2018 836 2064; x_wconf 83' lang='lat' dir='ltr'>propellebantur.</span> <span class='ocrx_word' id='word_1_304' title='bbox 907 2020 1018 2055; x_wconf 89' lang='lat' dir='ltr'>Simul</span> <span class='ocrx_word' id='word_1_305' title='bbox 1053 2020 1147 2055; x_wconf 90' lang='lat' dir='ltr'>hanc</span> <span class='ocrx_word' id='word_1_306' title='bbox 1184 2034 1333 2068; x_wconf 83' lang='lat' dir='ltr'>quoque</span> <span class='ocrx_word' id='word_1_307' title='bbox 1369 2022 1435 2055; x_wconf 89' lang='lat' dir='ltr'>seci</span> <span class='ocrx_word' id='word_1_308' title='bbox 1465 2021 1772 2054; x_wconf 78' lang='lat' dir='ltr'>observationem:</span> <span class='ocrx_word' id='word_1_309' title='bbox 1812 2020 1892 2055; x_wconf 90' lang='lat' dir='ltr'>Non</span> <span class='ocrx_word' id='word_1_310' title='bbox 1927 2019 2042 2051; x_wconf 77' lang='lat' dir='ltr'>solum</span> 
     </span>
     <span class='ocr_line' id='line_1_29' title="bbox 278 2077 2042 2129; baseline 0.001 -18"><span class='ocrx_word' id='word_1_311' title='bbox 278 2089 351 2122; x_wconf 84' lang='lat' dir='ltr'>cor,</span> <span class='ocrx_word' id='word_1_312' title='bbox 373 2077 437 2112; x_wconf 88' lang='lat' dir='ltr'>sed</span> <span class='ocrx_word' id='word_1_313' title='bbox 462 2090 533 2112; x_wconf 88' lang='lat' dir='ltr'>una</span> <span class='ocrx_word' id='word_1_314' title='bbox 560 2091 640 2112; x_wconf 87' lang='lat' dir='ltr'>cum</span> <span class='ocrx_word' id='word_1_315' title='bbox 667 2092 709 2113; x_wconf 92' lang='lat' dir='ltr'>eo</span> <span class='ocrx_word' id='word_1_316' title='bbox 737 2081 946 2115; x_wconf 88' lang='lat' dir='ltr'>membrana</span> <span class='ocrx_word' id='word_1_317' title='bbox 973 2094 1122 2129; x_wconf 86' lang='lat' dir='ltr'>quoque</span> <span class='ocrx_word' id='word_1_318' title='bbox 1150 2083 1181 2117; x_wconf 93' lang='lat' dir='ltr'>ei</span> <span class='ocrx_word' id='word_1_319' title='bbox 1208 2083 1405 2129; x_wconf 80' lang='lat' dir='ltr'>supposita,</span> <span class='ocrx_word' id='word_1_320' title='bbox 1432 2095 1503 2129; x_wconf 86' lang='lat' dir='ltr'>qua</span> <span class='ocrx_word' id='word_1_321' title='bbox 1528 2088 1627 2129; x_wconf 85' lang='lat' dir='ltr'>parte</span> <span class='ocrx_word' id='word_1_322' title='bbox 1653 2082 1761 2126; x_wconf 85' lang='lat' dir='ltr'>haec,</span> <span class='ocrx_word' id='word_1_323' title='bbox 1793 2087 1832 2114; x_wconf 81' lang='lat' dir='ltr'>ut</span> <span class='ocrx_word' id='word_1_324' title='bbox 1858 2091 1962 2126; x_wconf 88' lang='lat' dir='ltr'>supra</span> <span class='ocrx_word' id='word_1_325' title='bbox 1990 2079 2042 2112; x_wconf 67' lang='lat' dir='ltr'>vi-</span> 
     </span>
     <span class='ocr_line' id='line_1_30' title="bbox 278 2136 2044 2191; baseline 0.002 -20"><span class='ocrx_word' id='word_1_326' title='bbox 278 2136 407 2184; x_wconf 78' lang='lat' dir='ltr'>dimus,</span> <span class='ocrx_word' id='word_1_327' title='bbox 433 2146 606 2174; x_wconf 80' lang='lat' dir='ltr'>structura</span> <span class='ocrx_word' id='word_1_328' title='bbox 634 2147 685 2174; x_wconf 89' lang='lat' dir='ltr'>est</span> <span class='ocrx_word' id='word_1_329' title='bbox 709 2141 880 2176; x_wconf 87' lang='lat' dir='ltr'>solidiore</span> <span class='ocrx_word' id='word_1_330' title='bbox 904 2149 939 2177; x_wconf 86' lang='lat' dir='ltr'>et</span> <span class='ocrx_word' id='word_1_331' title='bbox 967 2145 1168 2190; x_wconf 83' lang='lat' dir='ltr'>museulari,</span> <span class='ocrx_word' id='word_1_332' title='bbox 1193 2145 1316 2191; x_wconf 83' lang='lat' dir='ltr'>aequis</span> <span class='ocrx_word' id='word_1_333' title='bbox 1341 2145 1530 2178; x_wconf 79' lang='lat' dir='ltr'>intervallis</span> <span class='ocrx_word' id='word_1_334' title='bbox 1557 2150 1591 2178; x_wconf 84' lang='lat' dir='ltr'>et</span> <span class='ocrx_word' id='word_1_335' title='bbox 1618 2142 1885 2190; x_wconf 82' lang='lat' dir='ltr'>expandebatur</span> <span class='ocrx_word' id='word_1_336' title='bbox 1904 2148 1937 2175; x_wconf 88' lang='lat' dir='ltr'>et</span> <span class='ocrx_word' id='word_1_337' title='bbox 1955 2153 2044 2175; x_wconf 90' lang='lat' dir='ltr'>con-</span> 
     </span>
     <span class='ocr_line' id='line_1_31' title="bbox 277 2199 2044 2253; baseline 0.001 -20"><span class='ocrx_word' id='word_1_338' title='bbox 277 2199 494 2235; x_wconf 87' lang='lat' dir='ltr'>trahebatur.</span> <span class='ocrx_word' id='word_1_339' title='bbox 546 2201 709 2236; x_wconf 86' lang='lat' dir='ltr'>Laciniae</span> <span class='ocrx_word' id='word_1_340' title='bbox 737 2203 843 2250; x_wconf 82' lang='lat' dir='ltr'>igitur</span> <span class='ocrx_word' id='word_1_341' title='bbox 868 2206 1100 2239; x_wconf 85' lang='lat' dir='ltr'>membranae</span> <span class='ocrx_word' id='word_1_342' title='bbox 1127 2207 1294 2240; x_wconf 84' lang='lat' dir='ltr'>musculis</span> <span class='ocrx_word' id='word_1_343' title='bbox 1318 2207 1525 2240; x_wconf 74' lang='lat' dir='ltr'>transversis</span> <span class='ocrx_word' id='word_1_344' title='bbox 1540 2206 1778 2253; x_wconf 81' lang='lat' dir='ltr'>peculiaribus</span> <span class='ocrx_word' id='word_1_345' title='bbox 1801 2204 1953 2237; x_wconf 87' lang='lat' dir='ltr'>insertae</span> <span class='ocrx_word' id='word_1_346' title='bbox 1977 2203 2044 2236; x_wconf 88' lang='lat' dir='ltr'>im-</span> 
     </span>
     <span class='ocr_line' id='line_1_32' title="bbox 277 2261 2044 2315; baseline 0.003 -22"><span class='ocrx_word' id='word_1_347' title='bbox 277 2261 403 2305; x_wconf 88' lang='lat' dir='ltr'>primis</span> <span class='ocrx_word' id='word_1_348' title='bbox 426 2263 672 2298; x_wconf 87' lang='lat' dir='ltr'>movebantur.</span> <span class='ocrx_word' id='word_1_349' title='bbox 726 2264 788 2298; x_wconf 90' lang='lat' dir='ltr'>Hie</span> <span class='ocrx_word' id='word_1_350' title='bbox 815 2267 1046 2301; x_wconf 87' lang='lat' dir='ltr'>membranae</span> <span class='ocrx_word' id='word_1_351' title='bbox 1075 2275 1192 2302; x_wconf 88' lang='lat' dir='ltr'>motus</span> <span class='ocrx_word' id='word_1_352' title='bbox 1220 2267 1256 2302; x_wconf 93' lang='lat' dir='ltr'>id</span> <span class='ocrx_word' id='word_1_353' title='bbox 1281 2269 1457 2315; x_wconf 88' lang='lat' dir='ltr'>imprimis</span> <span class='ocrx_word' id='word_1_354' title='bbox 1483 2268 1623 2302; x_wconf 81' lang='lat' dir='ltr'>efficere</span> <span class='ocrx_word' id='word_1_355' title='bbox 1649 2266 1805 2310; x_wconf 83' lang='lat' dir='ltr'>videtur,</span> <span class='ocrx_word' id='word_1_356' title='bbox 1837 2272 1876 2299; x_wconf 91' lang='lat' dir='ltr'>ut</span> <span class='ocrx_word' id='word_1_357' title='bbox 1902 2265 2044 2311; x_wconf 74' lang='lat' dir='ltr'>sangui-</span> 
     </span>
     <span class='ocr_line' id='line_1_33' title="bbox 279 2322 2042 2376; baseline 0.001 -21"><span class='ocrx_word' id='word_1_358' title='bbox 279 2322 332 2356; x_wconf 89' lang='lat' dir='ltr'>nis</span> <span class='ocrx_word' id='word_1_359' title='bbox 359 2322 465 2356; x_wconf 81' lang='lat' dir='ltr'>fluxio</span> <span class='ocrx_word' id='word_1_360' title='bbox 492 2331 568 2358; x_wconf 86' lang='lat' dir='ltr'>toto</span> <span class='ocrx_word' id='word_1_361' title='bbox 595 2326 629 2359; x_wconf 91' lang='lat' dir='ltr'>in</span> <span class='ocrx_word' id='word_1_362' title='bbox 663 2338 815 2373; x_wconf 79' lang='lat' dir='ltr'>corpore</span> <span class='ocrx_word' id='word_1_363' title='bbox 847 2327 1033 2362; x_wconf 73' lang='lat' dir='ltr'>adiuvetur</span> <span class='ocrx_word' id='word_1_364' title='bbox 1064 2336 1172 2376; x_wconf 79' lang='lat' dir='ltr'>atque</span> <span class='ocrx_word' id='word_1_365' title='bbox 1206 2331 1432 2364; x_wconf 85' lang='lat' dir='ltr'>acceleretur.</span> <span class='ocrx_word' id='word_1_366' title='bbox 1494 2331 1580 2366; x_wconf 89' lang='lat' dir='ltr'>Nam</span> <span class='ocrx_word' id='word_1_367' title='bbox 1615 2329 1643 2362; x_wconf 91' lang='lat' dir='ltr'>si</span> <span class='ocrx_word' id='word_1_368' title='bbox 1676 2339 1746 2361; x_wconf 79' lang='lat' dir='ltr'>uua</span> <span class='ocrx_word' id='word_1_369' title='bbox 1777 2339 1858 2360; x_wconf 86' lang='lat' dir='ltr'>eum</span> <span class='ocrx_word' id='word_1_370' title='bbox 1892 2325 2042 2359; x_wconf 70' lang='lat' dir='ltr'>diastole</span> 
     </span>
     <span class='ocr_line' id='line_1_34' title="bbox 278 2384 2043 2438; baseline 0.001 -21"><span class='ocrx_word' id='word_1_371' title='bbox 278 2384 397 2419; x_wconf 85' lang='lat' dir='ltr'>cordis</span> <span class='ocrx_word' id='word_1_372' title='bbox 425 2385 571 2421; x_wconf 86' lang='lat' dir='ltr'>laciniae</span> <span class='ocrx_word' id='word_1_373' title='bbox 596 2389 826 2423; x_wconf 86' lang='lat' dir='ltr'>membranae</span> <span class='ocrx_word' id='word_1_374' title='bbox 855 2390 946 2423; x_wconf 88' lang='lat' dir='ltr'>illius</span> <span class='ocrx_word' id='word_1_375' title='bbox 972 2404 1008 2424; x_wconf 87' lang='lat' dir='ltr'>se</span> <span class='ocrx_word' id='word_1_376' title='bbox 1036 2392 1271 2436; x_wconf 80' lang='lat' dir='ltr'>contrahunt,</span> <span class='ocrx_word' id='word_1_377' title='bbox 1308 2393 1437 2426; x_wconf 82' lang='lat' dir='ltr'>cavitas</span> <span class='ocrx_word' id='word_1_378' title='bbox 1464 2392 1627 2438; x_wconf 81' lang='lat' dir='ltr'>superior</span> <span class='ocrx_word' id='word_1_379' title='bbox 1653 2389 1859 2423; x_wconf 84' lang='lat' dir='ltr'>abdominis</span> <span class='ocrx_word' id='word_1_380' title='bbox 1883 2393 2043 2421; x_wconf 80' lang='lat' dir='ltr'>coareta—</span> 
     </span>
     <span class='ocr_line' id='line_1_35' title="bbox 279 2449 2045 2500; baseline 0.001 -21"><span class='ocrx_word' id='word_1_381' title='bbox 279 2452 348 2491; x_wconf 85' lang='lat' dir='ltr'>tur,</span> <span class='ocrx_word' id='word_1_382' title='bbox 375 2459 445 2493; x_wconf 87' lang='lat' dir='ltr'>qua</span> <span class='ocrx_word' id='word_1_383' title='bbox 472 2460 509 2481; x_wconf 91' lang='lat' dir='ltr'>re</span> <span class='ocrx_word' id='word_1_384' title='bbox 537 2450 676 2495; x_wconf 79' lang='lat' dir='ltr'>sanguis</span> <span class='ocrx_word' id='word_1_385' title='bbox 703 2451 839 2484; x_wconf 87' lang='lat' dir='ltr'>maiore</span> <span class='ocrx_word' id='word_1_386' title='bbox 868 2451 1005 2497; x_wconf 88' lang='lat' dir='ltr'>impetu</span> <span class='ocrx_word' id='word_1_387' title='bbox 1031 2452 1130 2486; x_wconf 88' lang='lat' dir='ltr'>cordi</span> <span class='ocrx_word' id='word_1_388' title='bbox 1159 2453 1370 2500; x_wconf 74' lang='lat' dir='ltr'>impellitur,</span> <span class='ocrx_word' id='word_1_389' title='bbox 1404 2461 1527 2488; x_wconf 87' lang='lat' dir='ltr'>contra</span> <span class='ocrx_word' id='word_1_390' title='bbox 1551 2453 1578 2485; x_wconf 80' lang='lat' dir='ltr'>si</span> <span class='ocrx_word' id='word_1_391' title='bbox 1606 2464 1676 2486; x_wconf 86' lang='lat' dir='ltr'>una</span> <span class='ocrx_word' id='word_1_392' title='bbox 1704 2464 1784 2485; x_wconf 81' lang='lat' dir='ltr'>cum</span> <span class='ocrx_word' id='word_1_393' title='bbox 1811 2449 1939 2496; x_wconf 56' lang='lat' dir='ltr'>systole</span> <span class='ocrx_word' id='word_1_394' title='bbox 1964 2460 2045 2481; x_wconf 87' lang='lat' dir='ltr'>eor-</span> 
     </span>
     <span class='ocr_line' id='line_1_36' title="bbox 279 2507 2046 2562; baseline -0.001 -20"><span class='ocrx_word' id='word_1_395' title='bbox 279 2507 334 2542; x_wconf 86' lang='lat' dir='ltr'>dis</span> <span class='ocrx_word' id='word_1_396' title='bbox 359 2508 508 2543; x_wconf 84' lang='lat' dir='ltr'>laciniae</span> <span class='ocrx_word' id='word_1_397' title='bbox 532 2509 712 2556; x_wconf 77' lang='lat' dir='ltr'>laxantur,</span> <span class='ocrx_word' id='word_1_398' title='bbox 740 2513 797 2546; x_wconf 87' lang='lat' dir='ltr'>illa</span> <span class='ocrx_word' id='word_1_399' title='bbox 824 2513 952 2546; x_wconf 72' lang='lat' dir='ltr'>cavitas</span> <span class='ocrx_word' id='word_1_400' title='bbox 978 2513 1144 2548; x_wconf 84' lang='lat' dir='ltr'>dilatatur</span> <span class='ocrx_word' id='word_1_401' title='bbox 1171 2521 1206 2548; x_wconf 89' lang='lat' dir='ltr'>et</span> <span class='ocrx_word' id='word_1_402' title='bbox 1231 2516 1370 2562; x_wconf 81' lang='lat' dir='ltr'>sanguis</span> <span class='ocrx_word' id='word_1_403' title='bbox 1398 2515 1567 2548; x_wconf 89' lang='lat' dir='ltr'>omuibus</span> <span class='ocrx_word' id='word_1_404' title='bbox 1594 2526 1612 2548; x_wconf 90' lang='lat' dir='ltr'>a</span> <span class='ocrx_word' id='word_1_405' title='bbox 1639 2513 1800 2560; x_wconf 80' lang='lat' dir='ltr'>partibus</span> <span class='ocrx_word' id='word_1_406' title='bbox 1827 2512 1864 2545; x_wconf 88' lang='lat' dir='ltr'>in</span> <span class='ocrx_word' id='word_1_407' title='bbox 1889 2522 1966 2543; x_wconf 89' lang='lat' dir='ltr'>eam</span> <span class='ocrx_word' id='word_1_408' title='bbox 1993 2516 2046 2542; x_wconf 82' lang='lat' dir='ltr'>at-</span> 
     </span>
     <span class='ocr_line' id='line_1_37' title="bbox 280 2569 2047 2623; baseline 0.001 -20"><span class='ocrx_word' id='word_1_409' title='bbox 280 2569 442 2606; x_wconf 86' lang='lat' dir='ltr'>trahitur.</span> <span class='ocrx_word' id='word_1_410' title='bbox 508 2571 619 2607; x_wconf 86' lang='lat' dir='ltr'>Simul</span> <span class='ocrx_word' id='word_1_411' title='bbox 647 2579 764 2608; x_wconf 87' lang='lat' dir='ltr'>autem</span> <span class='ocrx_word' id='word_1_412' title='bbox 799 2573 923 2608; x_wconf 87' lang='lat' dir='ltr'>eadem</span> <span class='ocrx_word' id='word_1_413' title='bbox 953 2587 990 2609; x_wconf 86' lang='lat' dir='ltr'>re</span> <span class='ocrx_word' id='word_1_414' title='bbox 1021 2576 1168 2611; x_wconf 86' lang='lat' dir='ltr'>inl&#39;erior</span> <span class='ocrx_word' id='word_1_415' title='bbox 1195 2589 1343 2623; x_wconf 81' lang='lat' dir='ltr'>quoque</span> <span class='ocrx_word' id='word_1_416' title='bbox 1371 2576 1575 2611; x_wconf 89' lang='lat' dir='ltr'>abdominis</span> <span class='ocrx_word' id='word_1_417' title='bbox 1604 2576 1732 2610; x_wconf 68' lang='lat' dir='ltr'>cavitas</span> <span class='ocrx_word' id='word_1_418' title='bbox 1766 2574 1916 2608; x_wconf 67' lang='lat' dir='ltr'>invicem</span> <span class='ocrx_word' id='word_1_419' title='bbox 1945 2584 2047 2606; x_wconf 91' lang='lat' dir='ltr'>coar-</span> 
     </span>
    </p>
   </div>
  </div>
 </body>
</html>
