2419 2972
1044 319 1288 355 -19-

279 430 360 453 cum
384 418 424 452 iis
451 429 628 461 connexa,
666 415 711 450 ad
736 414 928 449 ventralem
956 425 1069 461 usque
1093 414 1221 449 lineam
1252 413 1454 449 medianam
1484 415 1702 450 descendere
1729 416 1879 450 videtur.
1932 418 2046 452 Maxi-

278 492 374 513 mam
401 477 549 524 quidem
576 484 712 524 partem
741 476 829 509 haee
852 474 1061 509 membrana
1087 476 1203 509 tenuis
1231 482 1282 509 est
1308 482 1342 509 et
1369 476 1546 522 pellucida
1574 476 1676 518 <ibi‹l.
1704 480 1769 522 0,),
1807 478 1871 512 sed
1898 490 1938 512 ca
1967 492 2046 525 pars

281 541 372 588 QFJg.
386 539 451 574 IX.
470 539 534 574 XI.
551 540 611 584 lu),
638 539 694 572 cui
721 549 784 570 cor
810 542 861 570 est
887 535 1054 581 insitum,
1090 544 1264 572 structura
1291 537 1462 572 solidiore
1490 540 1678 573 musculari
1704 540 1757 573 vel
1785 553 1898 586 paene
1925 540 2048 574 tendi-

281 614 367 636 nosa
394 608 428 635 et
455 601 575 634 colore
607 597 727 633 albido
756 597 946 645 nitidoque
980 598 1128 633 excellit.
1192 598 1323 633 Eadem
1359 612 1398 633 ex
1432 608 1558 647 parte,
1594 603 1629 636 in
1664 609 1858 649 utrumque
1898 603 1987 637 latus
2014 610 2047 636 et

280 664 407 710 quovis
435 664 470 697 in
498 661 629 697 annulo
657 661 818 706 corporis
850 661 1059 694 membrana
1093 661 1221 694 emittit
1255 661 1400 695 lacinias
1437 663 1530 710 (Fig.
1552 664 1767 709 lX.Xl.l.)‚
1809 676 1900 711 quae
1934 665 2048 699 forma

281 725 484 772 triangulari
512 722 711 768 eademque
739 728 912 756 structura
938 722 1105 756 musculis
1128 722 1331 756 lateralibus
1357 724 1473 770 parvis
1500 725 1705 759 transversis
1734 726 1825 760 inter
1851 726 1957 759 binos
1984 727 2048 760 ab-

281 786 438 820 dominis
463 784 612 819 annulos
638 783 764 830 positis
797 783 968 831 (Fig.Xl.
989 783 1032 818 K.
1066 783 1151 819 Tab.
1167 785 1195 820 I.
1233 784 1423 832 Fig.I.K.)
1457 798 1531 819 sese
1567 786 1735 820 inserunt.
1798 787 2048 834 Duplicaturae

281 849 397 895 igitur,
422 853 461 880 ut
487 846 535 881 ita
560 845 700 890 dicam,
726 847 956 879 membranae
984 845 1092 892 ipsius
1119 846 1186 880 hae
1214 846 1364 880 laciniae
1389 852 1493 890 sunt,
1521 858 1603 880 nam
1631 848 1840 882 membrana
1866 848 1982 882 tenuis
2008 860 2050 882 ac

280 908 455 956 pellucida
482 920 502 942 a
528 915 628 955 parte
656 907 774 942 media
800 907 971 941 solidiore
999 915 1075 942 orta
1107 921 1164 942 eas
1194 907 1452 955 transgreditur
1482 914 1514 941 et
1543 907 1587 942 ad
1615 910 1793 943 musculos
1819 922 1933 956 usquc
1964 911 2050 944 late-

280 971 367 1005 rales
394 971 633 1005 continuatur.
685 970 880 1016 Praecipue
907 976 1026 1003 autem
1055 976 1090 1004 et
1123 969 1311 1004 latitudine
1343 976 1377 1003 et
1404 970 1525 1003 colore
1563 970 1774 1016 splendente
1807 972 1969 1019 quinque
1996 974 2049 1007 xel

282 1044 343 1067 sex
371 1033 568 1067 anteriores
594 1033 723 1067 harum
750 1032 958 1066 laciniarum
986 1038 1185 1079 praestant,
1220 1044 1300 1077 eae,
1327 1042 1420 1078 quae
1447 1038 1664 1078 sequuntur,
1701 1044 1743 1066 eo
1773 1034 1883 1079 magis
1909 1035 2052 1068 tenuio-

279 1107 335 1130 res
362 1102 397 1129 et
422 1095 642 1142 angustiores
668 1101 761 1140 sunt,
789 1106 861 1140 quo
890 1094 1039 1128 musculi
1065 1094 1238 1139 laterales,
1265 1093 1396 1140 quibus
1424 1093 1641 1138 inseruntur,
1666 1100 1748 1128 sunt
1774 1095 1944 1129 minores.
1987 1096 2053 1130 Mi-

281 1157 470 1203 croscopio
496 1157 553 1191 his
576 1157 612 1191 in
635 1156 772 1191 laciniis
797 1156 929 1190 multae
955 1155 1106 1190 fibrillac
1133 1156 1349 1190 musculares
1371 1154 1490 1188 media
1518 1155 1555 1189 in
1582 1161 1682 1202 parte
1707 1156 1939 1191 membranae
1960 1159 2053 1191 mul-

281 1217 325 1250 tis
351 1216 469 1251 modis
495 1217 587 1251 inter
611 1229 648 1251 se
674 1217 886 1251 coniunctae
914 1216 1100 1265 (FngX.)
1127 1217 1409 1264 conspiciuntur.
1463 1219 1501 1252 ln
1529 1223 1629 1262 parte
1658 1217 1855 1263 posteriore
1884 1218 2053 1253 abdomi-

284 1279 339 1313 nis
366 1290 432 1313 nec
458 1277 636 1312 eiusmodi
660 1278 809 1313 laciniae
837 1290 903 1313 nec
928 1279 1099 1325 musculi,
1126 1279 1258 1327 quibus
1284 1277 1490 1325 affigantur,
1517 1278 1756 1324 reperiuntur,
1782 1279 1844 1313 sed
1871 1282 2053 1316 membra-

283 1353 349 1385 na,
376 1340 447 1374 hoc
470 1340 550 1374 loco
573 1340 782 1374 tenuissima
808 1347 844 1374 et
868 1352 1013 1387 prorsus
1037 1340 1216 1387 pellucida
1243 1340 1339 1388 (Fig.
1359 1340 1406 1375 X.
1421 1340 1566 1387 Xl.p.)‚
1592 1346 1632 1374 ut
1657 1352 1763 1387 saepe
1790 1340 1935 1375 difficile
1963 1355 2053 1377 con-

286 1402 373 1448 spici
399 1402 535 1448 possit,
567 1408 723 1448 utroque
758 1402 796 1436 in
823 1403 930 1436 latere
961 1402 1062 1449 plicis
1095 1401 1295 1437 tendinosis
1329 1402 1423 1436 inter
1456 1402 1562 1435 binos
1596 1402 1757 1449 corporis
1793 1404 1945 1438 annulos
1981 1406 2054 1439 sit1s

286 1475 362 1497 sese
385 1463 532 1509 inserit,
567 1462 686 1498 media
713 1470 831 1498 autem
859 1471 961 1511 parte
983 1464 1096 1498 libera
1122 1471 1156 1498 et
1181 1464 1296 1498 soluta
1323 1470 1384 1497 est.
1450 1463 1570 1507 Quare
1597 1464 1634 1498 in
1661 1463 1828 1499 mediana
1854 1466 1948 1500 linea
1974 1479 2055 1501 eor-

287 1525 385 1571 poris
419 1526 519 1572 quasi
555 1526 686 1560 canalis
720 1525 869 1573 quidam
906 1526 1000 1575 (Fig.
1022 1526 1089 1561 XI.
1110 1524 1167 1575 ρ’.)
1204 1526 1297 1560 inter
1329 1526 1578 1560 membranam
1615 1532 1649 1560 et
1685 1527 1864 1561 musculos
1899 1527 2056 1563 dorsales

285 1585 446 1621 efficitur.

382 1648 453 1683 Hac
482 1650 586 1697 igitur
613 1650 822 1684 membrana
849 1650 978 1685 cavitas
1005 1649 1211 1685 abdominis
1238 1649 1325 1684 duas
1352 1649 1387 1683 in
1417 1650 1582 1683 cavitates
1610 1650 1702 1684 inter
1736 1662 1773 1683 se
1797 1651 1974 1685 seiunctas
2001 1651 2058 1685 di-

284 1710 434 1756 x‘iditur,
470 1712 507 1746 in
533 1713 756 1759 superiorem
783 1713 984 1758 minorem,
1018 1719 1053 1746 et
1078 1713 1115 1746 in
1143 1712 1348 1747 inferiorem
1377 1711 1563 1745 maiorem.
1624 1712 1662 1746 In
1691 1712 1758 1746 hac
1785 1712 1993 1747 intestinum
2024 1721 2058 1748 et

286 1774 405 1807 oraria
428 1773 494 1808 sita
520 1781 621 1819 sunt,
647 1775 738 1808 illius
765 1774 801 1808 in
827 1773 949 1808 medio
978 1787 1041 1809 cor
1066 1787 1278 1821 suspensum
1303 1780 1363 1808 est.
1417 1775 1443 1807 A
1471 1773 1639 1808 lateribus
1666 1774 1796 1808 cavitas
1823 1775 1987 1822 superior
2014 1788 2056 1810 eo

286 1835 523 1880 concluditur,
547 1835 648 1883 quod
675 1837 886 1871 membrana
914 1837 1081 1871 musculis
1107 1837 1310 1872 lateralibus
1338 1844 1432 1872 arcte
1452 1835 1591 1871 adiacet
1617 1844 1677 1872 aut
1703 1850 1784 1872 cum
1812 1838 1854 1873 iis
1879 1840 2055 1874 coalescit.

284 1896 398 1932 Simili
422 1896 533 1931 modo
560 1897 686 1932 eadem
723 1905 758 1932 et
783 1899 827 1932 ab
852 1898 1031 1933 anteriore
1055 1905 1089 1933 et
1114 1911 1133 1933 a
1158 1899 1359 1945 posteriore
1386 1906 1486 1946 parte
1518 1899 1753 1935 concluditur.

383 1962 411 1998 §.
442 1962 497 1993 17.
548 1959 724 1995 Eiusdem
751 1959 979 1997 membranae
1004 1968 1037 1996 el
1064 1962 1101 1995 in
1127 1960 1466 2009 ceplzalotlzoracem
1493 1968 1528 1996 et
1555 1962 1592 1996 in
1618 1970 1823 1998 extremum
1850 1961 2058 1998 abdominis

285 2021 456 2056 annulum
484 2023 718 2057 continuatio.
746 2041 790 2045 —
821 2022 892 2056 Iam
920 2034 1025 2069 supra
1052 2029 1291 2056 memoratum
1319 2029 1394 2067 est,
1429 2022 1464 2056 in
1494 2022 1833 2069 cephalothoraeem
1863 2025 1967 2058 etiam
1996 2036 2058 2059 eor

286 2082 506 2128 procedere,
540 2083 602 2117 sed
631 2084 690 2117 liic
716 2096 865 2130 quoque
893 2091 1068 2118 structura
1103 2084 1286 2130 singularis
1322 2084 1514 2118 invenitur.
1548 2103 1592 2109 —-
1626 2085 1729 2119 Parte
1764 2086 1860 2120 enim
1888 2087 1923 2120 in
1950 2097 2057 2132 supe-

288 2144 381 2177 riore
410 2152 444 2178 et
469 2145 506 2178 in
533 2145 702 2179 lateribus
724 2153 862 2180 tantum
890 2146 1101 2180 membrana
1128 2145 1354 2190 muscularis,
1395 2158 1488 2192 quae
1524 2145 1642 2180 cordis
1677 2153 1813 2193 partem
1842 2147 2058 2182 abdomina-

289 2206 357 2240 lem
385 2208 585 2254 componit,
610 2208 646 2241 in
676 2208 1016 2255 cephalothoracem
1044 2213 1281 2254 propagatur,
1319 2206 1465 2241 inferius
1491 2214 1608 2242 autem
1637 2208 1705 2242 iam
1735 2207 1779 2242 ad
1804 2209 1915 2242 linem
1940 2209 2058 2243 abdo-

290 2267 395 2301 minis
421 2267 586 2303 desinens
613 2282 693 2303 cum
729 2271 939 2304 membrana
966 2270 1033 2303 sibi
1068 2269 1275 2303 subiacente
1305 2270 1513 2303 concrescit.
1577 2271 1645 2304 I'ro
1683 2270 1739 2303 illa
1775 2270 1880 2317 igitur
1905 2271 1993 2305 haec
2021 2272 2057 2305 in

290 2328 467 2363 anteriora
489 2331 653 2376 procedit
676 2338 710 2365 et
730 2338 866 2377 partem
895 2331 1014 2366 cordis
1040 2331 1259 2365 thoracicam
1289 2343 1307 2365 a
1334 2338 1434 2377 parte
1462 2338 1495 2365 et
1522 2331 1690 2365 inferiore
1719 2337 1753 2365 et
1774 2332 1952 2366 anteriore
1969 2345 2058 2366 con-

291 2388 401 2423 cludit
424 2393 431 2429 (
452 2391 516 2438 Γῖς.
536 2392 583 2428 V.
610 2393 719 2428 I'lll.
739 2393 794 2435 ln).
847 2393 895 2427 Ex
922 2393 1102 2427 anteriore
1129 2392 1203 2426 eius
1231 2398 1331 2439 parte
1359 2393 1486 2427 arteria
1513 2398 1610 2426 aorta
1645 2392 1892 2438 proficiscitur.
1956 2393 2058 2428 Cete-

291 2464 369 2485 rum
396 2452 618 2498 longitudine
646 2455 734 2488 haec
754 2467 835 2501 pars
863 2454 981 2488 cordis
1008 2454 1190 2488 thoraciea
1213 2453 1419 2488 abdominis
1441 2454 1561 2488 annuli
1586 2454 1691 2487 unius
1707 2454 1929 2488 latitudinem
1950 2456 2057 2501 paulo

289 2519 428 2547 tantum
457 2522 610 2561 superat.
645 2516 815 2562 Superius
841 2516 930 2551 haec
957 2528 1105 2563 quoque
1132 2528 1212 2562 pars
1235 2516 1429 2562 ligamento
1457 2515 1644 2549 museulari
1674 2515 1888 2564 (F1·g.V.e'.)
1916 2529 2058 2551 muscu-

291 2575 331 2609 lis
359 2574 558 2611 dorsalibus
585 2577 892 2623 cephalothoracis
921 2590 1057 2612 annexa
1091 2584 1151 2612 est.
1194 2596 1234 2603 —-
1272 2575 1343 2611 Sed
1375 2588 1450 2610 non
1483 2576 1597 2610 solum
1626 2577 1691 2610 sub
1721 2575 1830 2611 corde
1857 2576 1920 2611 sed
1947 2584 2057 2613 totam
