2419 2972
1032 343 1276 379 ..37-

271 443 536 479 tlioracicorum
564 440 767 476 rudimenta
793 451 830 473 se
856 438 1015 484 confert,
1053 450 1146 485 quae
1183 439 1285 485 vulgo
1321 445 1498 474 antennae
1525 440 1768 476 nominantur.
1818 441 1881 476 Hie
1907 455 2034 478 nervus

273 507 307 541 in
333 504 511 540 anteriora
544 502 764 537 filamentum
801 506 908 534 tenue
942 500 1035 548 (Fig.
1058 500 1106 535 V.
1126 499 1175 545 α.)
1204 501 1366 534 emittere
1403 500 1562 547 videtur,
1595 501 1696 548 quod
1723 503 1823 537 'inter
1849 516 2035 550 processus

269 565 498 614 glandulosos
522 564 709 599 ventriculi
737 562 905 597 decurrit.
959 562 1141 596 Posterior
1167 574 1294 596 nervus
1323 575 1394 596 non
1421 564 1545 608 procul
1573 564 1617 597 ab
1645 564 1726 609 illo,
1752 564 1797 598 de
1824 578 1897 611 quo
1922 565 2034 600 modo

270 627 437 672 diximus,
462 633 559 661 ortus
586 624 718 673 (FigJ.
739 623 839 664 1210.)
866 622 1021 657 eundem
1050 623 1197 670 quidem
1225 636 1366 658 cursum
1394 625 1636 671 persequitur,
1673 637 1778 672 saepe
1805 633 1922 660 autem
1952 627 2034 672 iam,

270 689 480 735 priusquam
507 686 678 734 parietem
706 684 944 731 posteriorem
977 684 1288 731 cephalothoracis
1319 686 1482 732 attingit,
1515 687 1700 721 evanescit.
1759 687 1817 721 Est
1852 688 1946 721 enim
1976 688 2034 722 hic

271 762 399 784 nervus
424 748 667 784 rudimentum
696 747 787 780 illius
816 746 926 791 nervi,
954 747 1016 793 qui
1044 747 1189 781 iuvenili
1217 747 1254 781 in
1281 747 1423 781 animali
1452 746 1497 781 ad
1523 747 1720 782 secundum
1746 748 1881 796 pedum
1907 749 2033 783 thora-

271 813 429 846 cicorum
457 822 521 857 par
545 809 730 856 pertinuit,
758 815 793 842 et
820 809 860 842 iis
887 809 925 842 in
949 807 1175 852 animalibus,
1202 807 1238 841 in
1267 808 1398 854 quibus
1424 807 1553 841 horum
1580 806 1714 854 pedum
1748 809 1952 844 rudimenta
1981 811 2037 844 in-

272 873 462 907 veniuntur
488 870 626 911 (Tah.l
660 871 742 918 Fig.
760 870 889 915 V.B.)‚
913 869 958 904 ad
984 870 1073 904 haec
1101 881 1182 903 eum
1210 881 1246 903 se
1272 869 1434 903 conferre
1460 868 1634 903 videmus.

368 933 582 980 Priusquam
612 932 708 966 nervi
736 932 866 965 collare
893 938 1155 978 componentes
1181 932 1246 966 sub
1274 931 1472 965 musculum
1507 930 1795 966 mandibularum
1822 933 2036 980 procedunt,

270 1007 370 1030 ramo
396 1001 597 1029 transverso
631 994 727 1041 (Fig.
742 993 772 1027 I.
804 992 852 1028 V.
885 992 1021 1033 VLE.)
1050 993 1143 1027 inter
1169 1006 1206 1027 se
1233 994 1415 1027 coniuncti
1444 1001 1546 1038 sunt,
1581 1001 1688 1040 atque
1717 994 1847 1028 eodem
1875 996 1953 1029 loco
1983 996 2039 1030 in-

270 1056 507 1091 tumescentia
532 1054 708 1102 quaedam
735 1054 874 1101 ganglio
903 1054 1027 1088 similis
1049 1054 1155 1100 (ibid.
1182 1055 1240 1095 D.)
1267 1055 1303 1088 in
1331 1062 1486 1102 utroque
1513 1055 1701 1102 reperitur.
1746 1055 1847 1100 Quae
1874 1063 2039 1090 constru-

271 1119 341 1153 ctio
370 1117 520 1152 omnino
549 1117 672 1151 similis
699 1117 730 1150 ei
758 1123 828 1161 est,
858 1128 951 1163 quae
985 1117 1020 1150 in
1054 1129 1185 1164 genere
1211 1117 1336 1151 Astaco
1372 1117 1565 1163 multisque
1592 1117 1845 1164 Decapodibus
1872 1118 2040 1152 observa—

269 1187 337 1214 tur.
391 1180 458 1214 Illis
482 1180 577 1213 enin]
610 1191 628 1212 e
655 1178 821 1225 gangliiS,
859 1190 951 1225 quae
979 1178 1108 1212 referre
1137 1178 1235 1212 nervi
1262 1178 1525 1225 reproductorii
1552 1179 1646 1224 paris
1673 1178 1891 1213 Insectorum
1923 1178 2038 1213 nodos

271 1241 530 1276 demonstravit
554 1239 838 1285 lltssra11dt*)‚
861 1247 895 1274 et
922 1252 1014 1286 quae
1042 1240 1196 1288 ganglia
1222 1240 1453 1287 oesophagea
1476 1242 1668 1287 superiora
1691 1240 1763 1274 sive
1785 1243 1895 1288 paria
1920 1241 2040 1274 nomi-

274 1303 349 1337 uari
376 1309 547 1349 possunt,
583 1302 620 1336 in
644 1301 770 1348 Apocle
805 1301 911 1335 simili
939 1301 1050 1336 modo
1077 1308 1185 1348 atque
1220 1302 1256 1335 in
1284 1300 1537 1347 Deeapodibus
1563 1302 1749 1348 proprium
1779 1309 1930 1348 systema
1958 1315 2040 1335 ner-

271 1377 397 1398 xorum
425 1363 734 1411 ocsophageorum
763 1363 887 1397 oritur.
928 1382 962 1386 —
1002 1363 1120 1410 Ipsum
1150 1364 1245 1397 enim
1280 1370 1362 1397 ante
1400 1375 1537 1396 ramum
1566 1370 1824 1408 transversum,
1860 1362 1922 1410 qui
1950 1362 2041 1396 duos

272 1438 463 1460 nervorum
490 1432 636 1460 truncos
664 1425 863 1472 coniungit,
889 1437 929 1459 ex
953 1417 1110 1472 utroque
1135 1426 1275 1473 ganglio
1302 1438 1429 1459 nervus
1455 1425 1537 1459 satis
1555 1425 1794 1472 crassus(Fig.
1810 1425 1836 1460 I.
1850 1424 1898 1460 V.
1913 1424 2039 1461 VLd.)

273 1486 391 1521 radice
418 1487 607 1522 incrassata
635 1487 764 1532 oritur7
800 1487 863 1533 qui
891 1487 926 1521 in
954 1487 1062 1521 latere
1092 1487 1286 1535 oesophagi
1322 1486 1367 1521 ad
1395 1486 1693 1534 perpendiculum
1729 1487 1800 1521 fere
1827 1486 1873 1522 ad
1899 1487 2038 1521 labrum

273 1561 393 1582 versus
419 1548 614 1583 deseendit.
668 1549 709 1582 Et
735 1549 893 1595 primum
921 1548 1069 1595 quidem
1104 1561 1220 1596 prope
1255 1550 1299 1583 ab
1331 1549 1467 1595 origine
1499 1548 1630 1582 horum
1665 1560 1856 1583 nervorum
1888 1554 2040 1594 uterque

271 1609 493 1644 filamentum
519 1610 768 1644 tenuissimum
797 1610 890 1658 (th.
914 1610 962 1645 V.
976 1614 1017 1656 γ.)
1055 1611 1090 1645 in
1124 1611 1327 1656 musculos,
1368 1611 1429 1657 qui
1457 1611 1630 1657 parietem
1663 1611 1900 1657 posteriorem
1938 1621 2044 1643 oeso-

271 1671 378 1718 phagi
402 1679 645 1718 componunt,
671 1673 819 1718 emittit3
847 1679 923 1706 tum
951 1680 1070 1707 autem
1095 1673 1168 1707 duo
1194 1674 1286 1707 inter
1312 1685 1347 1706 se
1378 1685 1477 1706 ramo
1512 1679 1710 1706 transverso
1738 1673 1838 1706 tenui
1865 1672 1959 1720 (Fig.
1988 1670 2036 1705 V.

274 1732 416 1778 sle),
443 1733 506 1780 qui
532 1733 679 1768 eosdem
706 1734 884 1768 musculos
910 1742 1075 1781 penetrat
1100 1736 1215 1783 iisque
1243 1735 1393 1769 omnino
1414 1727 1604 1781 obtegitur,
1632 1734 1813 1768 coniuncti
1840 1740 1932 1768 sunt.
1967 1733 2040 1766 Me-

272 1793 333 1828 dio
361 1806 402 1828 ex
428 1794 499 1829 hoc
525 1807 625 1829 ramo
660 1802 859 1830 transverso
891 1796 1073 1832 filamenta
1110 1796 1182 1832 duo
1214 1798 1422 1832 tenuissima
1455 1796 1558 1840 (ibid.
1583 1799 1619 1836 ε.)
1657 1797 1840 1841 oriuntur,
1877 1806 1968 1842 quae
2003 1795 2038 1827 in

272 1863 372 1902 parte
399 1857 599 1903 posteriore
627 1858 822 1904 oesophagi
849 1858 1041 1893 ascendere
1067 1858 1244 1893 videntur.
1281 1877 1325 1883 -
1363 1860 1475 1892 Porro
1504 1870 1543 1891 ex
1572 1858 1626 1892 his
1651 1859 1766 1892 nervis
1794 1857 2038 1903 oesophagum

272 1917 595 1964 complectentibus
617 1919 828 1953 emittuntur
854 1926 888 1953 et
914 1922 1100 1967 complura
1119 1921 1300 1955 filamenta
1327 1921 1532 1954 tenuissima
1550 1921 1642 1968 (Fig.
1662 1920 1709 1954 V.
1728 1917 1755 1961 ς’.
1776 1923 1804 1960 ς.
1819 1917 1858 1961 ζ)
1886 1917 1930 1952 ad
1961 1929 2040 1950 niu-

273 1979 389 2013 sculos
413 1979 571 2013 laterales
595 1980 804 2028 oesophagi,
831 1988 866 2015 et
891 1995 1006 2029 prope
1034 1995 1053 2017 a
1078 1983 1168 2017 labri
1194 1983 1353 2031 margine
1380 1994 1508 2016 nervus
1534 1982 1589 2015 his
1613 1982 1719 2029 paulo
1740 1978 2039 2025 fortiori-ibidf),

275 2040 337 2085 qui
365 2041 400 2074 in
426 2041 595 2075 musculis
618 2042 814 2089 oesophagi
840 2043 1019 2089 ascendit,
1053 2057 1163 2091 porro
1196 2052 1314 2080 autem
1350 2043 1468 2078 adhue
1495 2043 1696 2091 investigari
1723 2056 1795 2077 non
1824 2042 1938 2089 potuit
1958 2067 1966 2074 .
2005 2048 2039 2075 et

272 2100 493 2136 filamentum
517 2109 625 2137 tenue
652 2102 750 2144 (ibid.
779 2107 835 2150 η.),
863 2105 964 2152 quod
992 2105 1037 2140 ad
1064 2118 1125 2140 eos
1157 2107 1336 2140 musculos
1363 2119 1398 2140 se
1426 2107 1586 2141 conferre
1614 2105 1774 2149 videtur,
1810 2104 1870 2151 qui
1899 2103 2035 2136 labrum

271 2167 381 2195 testae
408 2170 570 2198 externae
592 2163 739 2212 affigunt
765 2165 912 2206 (Tab.I.
939 2167 1077 2216 FigJI.
1102 2167 1169 2207 Π).
1201 2188 1241 2192 -
1273 2167 1413 2211 Quibus
1440 2169 1608 2202 omnibus
1633 2168 1739 2202 ramis
1766 2166 1911 2209 emissis3
1941 2164 2038 2198 nervi

273 2223 467 2270 oesophagi
495 2236 536 2257 ex
561 2231 717 2272 utroque
743 2227 850 2261 latere
877 2228 914 2262 in
942 2229 1080 2264 labrum
1111 2230 1225 2276 ipsum
1253 2231 1453 2278 progressi,
1476 2229 1596 2264 medio
1625 2230 1661 2263 in
1690 2228 1846 2274 margine
1874 2228 1947 2261 eius
1975 2239 2036 2260 anu

271 2284 403 2318 teriore
429 2287 647 2321 conveniunt
673 2294 708 2322 et
733 2289 915 2324 coniuncti
942 2291 1109 2339 ganglion
1134 2291 1319 2338 quoddam
1340 2291 1441 2334 (Tczb.
1460 2292 1528 2327 III.
1552 2292 1632 2340 th.
1649 2290 1694 2324 V.
1712 2289 1778 2324 Vl.
1805 2290 1851 2324 le.)
1879 2300 2037 2337 parvum,

336 2467 369 2501 ¹⁸)
393 2465 413 2495 Β
427 2475 439 2495 r
452 2466 544 2496 andt
566 2471 594 2497 ct
616 2469 664 2499 Ra
678 2473 711 2499 tz
725 2471 854 2511 ehurg
875 2471 1086 2502 Medicinisclir
1110 2473 1263 2512 Zoologie.
1292 2484 1317 2503 v.
1342 2473 1524 2503 Flusskrebs.

436 2531 588 2562 Brandt
611 2534 837 2577 Benierkungen
860 2538 933 2568 uber
969 2539 1015 2569 die
1038 2539 1265 2579 Mumlmagen-
1297 2539 1371 2569 oder
1391 2537 1698 2577 Eiugrum-idenerven
1731 2537 1783 2565 der
1816 2534 2039 2565 Emi-icbratcn.

394 2588 492 2628 Leipz.
521 2591 608 2621 1335.
632 2601 659 2631 p.
675 2592 702 2622 9.
