2419 2972
375 398 619 432 Dt'irklieim
637 399 683 444 *),
711 399 834 433 Lund
864 407 896 432 et
921 399 1169 441 Seliutze**)
1200 400 1345 434 iteratae
1373 399 1613 446 quaestiones,
1637 411 1726 445 quas
1752 399 1977 434 confirmavit
2004 407 2037 435 et
2064 413 2140 435 am-

370 461 539 506 plificavit
566 461 606 493 cl.
625 461 777 495 Krolin
793 462 873 506 *³³³5
902 462 953 495 vix
981 461 1025 496 (le
1053 463 1198 496 veritate
1226 461 1377 495 dubium
1406 461 1624 508 relinquunt.
1668 461 1742 495 Hoc
1770 463 1891 496 saltem
1917 463 2010 508 loco,
2039 464 2141 510 quod

370 521 436 567 ipsi
465 522 552 555 mihi
582 523 842 556 accuratiorum
879 523 925 557 de
959 523 1026 558 hac
1061 537 1097 558 rc
1133 523 1425 558 observationum
1457 523 1700 557 faciendarum
1736 523 1833 556 locus
1871 524 2031 558 nondum
2064 526 2140 567 suit,

370 595 446 616 eam
472 583 591 617 cordis
617 591 652 617 et
677 596 840 617 vasorum
864 591 1100 630 structuram,
1128 598 1236 633 quam
1264 584 1452 631 descripsit
1478 585 1647 630 Krohn,
1675 585 1962 631 contemplemur
1989 593 2022 620 et
2047 588 2139 620 mul-

369 649 419 676 tas
446 655 486 676 ae
514 652 716 679 memoratu
743 645 966 692 dignissimas
993 647 1246 682 similitudines
1272 646 1422 695 Apodis
1457 653 1490 681 et
1518 646 1754 695 Decapodam
1782 647 2057 681 constructionis
2082 661 2137 682 re-

364 703 555 749 periemus.

465 766 623 800 Primum
653 767 689 801 in
715 767 976 816 Decapodt'bus
1003 776 1041 803 ut
1068 770 1102 803 in
1130 769 1256 817 Apode
1292 783 1355 805 eor
1380 770 1588 817 sanguinem
1625 782 1690 816 per
1724 771 1831 804 rimas
1867 783 1884 804 e
1913 772 2136 817 receptaculo

364 827 524 873 quodam
552 841 588 862 se
616 829 865 864 circumdante
889 837 923 864 et
949 832 1156 865 animalium
1183 832 1410 878 superiorum
1435 832 1563 866 atrium
1592 831 1766 865 referente
1794 832 1948 878 excipit,
1975 832 2037 866 sed
2066 833 2137 868 hoc

363 890 627 935 receptaculum
658 890 692 924 in
721 891 786 925 illis
811 899 1023 926 structuram
1062 906 1104 927 eo
1132 894 1384 940 perfectiorem
1413 893 1580 940 praebet,
1613 891 1714 939 quod
1741 892 1878 927 duabus
1905 894 2137 940 membranis,

362 950 469 984 altera
498 951 598 985 cordi
627 954 812 999 supposita
841 954 949 988 altera
978 955 1146 1001 imposita
1182 955 1358 999 efficitur,
1397 967 1509 1001 quum
1543 954 1579 988 in
1607 953 1733 1000 Apode
1765 954 1836 988 hoc
1871 956 2134 1001 receptaculum

359 1025 440 1058 pars
464 1012 575 1047 modo
606 1015 762 1048 caritatis
789 1015 1029 1049 abdominalis
1064 1017 1129 1058 sit,
1161 1029 1180 1050 a
1206 1017 1344 1063 reliqua
1378 1023 1478 1063 parte
1512 1017 1722 1050 membrana
1755 1015 1910 1062 quadam
1946 1016 2132 1051 disiuncta.

357 1073 445 1107 Tum
474 1074 510 1107 in
540 1075 793 1121 Deeapodibus
820 1083 858 1109 ut
884 1076 921 1109 in
948 1076 1074 1122 Apode
1101 1078 1242 1124 sanguis
1269 1091 1286 1111 e
1307 1078 1487 1111 branchiis
1511 1077 1612 1112 cordi
1632 1077 1775 1111 affertur
1803 1090 1867 1124 per
1894 1078 2044 1123 canales,
2071 1080 2133 1125 qui

361 1145 380 1167 a
408 1135 534 1168 ceteris
561 1136 649 1169 vasis
677 1143 711 1169 et
738 1136 924 1170 latitudine
953 1144 988 1170 et
1014 1144 1190 1172 structura
1219 1138 1389 1173 dill'erunt
1416 1146 1524 1187 atque
1556 1140 1632 1186 ipsa
1659 1140 1873 1186 receptaculi
1900 1140 1991 1174 illius
2019 1153 2133 1175 mem-

356 1196 469 1230 brana
498 1205 777 1244 componuntur.
831 1199 878 1233 Ea
906 1206 1024 1233 autem
1053 1200 1146 1234 inter
1179 1200 1251 1235 duo
1278 1202 1445 1236 animalia
1482 1214 1621 1236 summa
1649 1200 1902 1235 dissimilitudo
1931 1212 2006 1234 esse
2033 1201 2133 1236 vide-

359 1265 426 1303 tur9
455 1258 556 1305 quod
582 1259 619 1293 in
646 1260 724 1305 illis,
752 1273 864 1307 quum
893 1273 955 1295 cor
974 1262 1108 1295 nullum
1131 1263 1354 1309 sanguinem,
1382 1263 1447 1297 nisi
1475 1263 1688 1297 arteriosum
1717 1275 1736 1296 e
1759 1262 1941 1296 branchiis
1969 1264 2133 1310 excipiat,

356 1320 394 1354 hi
423 1321 561 1354 canales
589 1322 625 1355 in
653 1323 915 1368 receptaculum
942 1330 1139 1369 transeunt,
1167 1324 1203 1358 in
1231 1324 1357 1371 Apode
1384 1332 1519 1370 contra,
1548 1338 1660 1372 quum
1689 1331 1829 1372 praeter
1850 1325 2057 1371 sanguinem
2077 1338 2133 1360 ar-

356 1382 527 1416 teriosum
555 1383 641 1417 alius
669 1396 818 1431 quoque
843 1385 983 1431 sanguis
1011 1398 1050 1419 ex
1079 1385 1286 1420 abdominis
1318 1388 1465 1421 cavitate
1500 1387 1667 1421 inferiore
1694 1386 1796 1421 cordi
1820 1385 1960 1431 affluat,
1996 1387 2043 1421 illi
2072 1400 2131 1422 ca·-

357 1443 477 1489 nales‚
514 1457 606 1491 quos
637 1457 743 1492 supra
769 1458 876 1480 venas
900 1447 1125 1481 branehiales
1152 1448 1417 1482 nominavimus
1434 1475 1444 1493 ,
1477 1449 1594 1495 ipsum
1631 1449 1669 1482 in
1696 1460 1759 1482 eor
1786 1454 1925 1481 exeunt.
1979 1448 2064 1482 Nam
2093 1450 2130 1483 iu

357 1504 611 1551 Decapodibus
640 1514 791 1553 systema
824 1507 1032 1542 arteriarum
1066 1521 1086 1543 a
1119 1521 1288 1543 venarum
1326 1516 1514 1556 systemate
1549 1510 1701 1544 omnino
1738 1508 1955 1544 disiunctum
1992 1517 2060 1555 est,
2096 1518 2130 1545 et

355 1567 495 1613 sanguis
522 1569 713 1602 arteriosus
741 1569 897 1616 propriis
923 1570 1013 1604 vasis
1035 1576 1152 1604 totum
1181 1583 1246 1617 per
1269 1583 1399 1617 eorpus
1426 1570 1663 1616 distribuitur,
1690 1577 1815 1606 eontra
1842 1572 1879 1606 in
1906 1571 2032 1619 Apode
2056 1571 2128 1607 (luo

355 1636 544 1675 systemata
570 1630 639 1664 iam
667 1631 760 1665 inter
785 1644 821 1665 se
850 1631 996 1666 confusa
1023 1639 1105 1666 sunt
1129 1639 1164 1666 et
1190 1633 1400 1666 arteriarum
1429 1633 1538 1678 nihil,
1573 1634 1661 1679 nisi,
1683 1641 1723 1667 ut
1747 1634 1803 1667 illa
1830 1633 1946 1668 (licam
1964 1661 1973 1678 ,
2001 1635 2130 1668 bulbus

357 1690 505 1736 quidam
533 1693 682 1726 arteriae
709 1693 762 1726 vel
796 1706 859 1727 cor
885 1694 1033 1727 alterum
1062 1694 1273 1728 arteriosum
1309 1695 1472 1729 relictum
1509 1703 1570 1730 est.
1613 1716 1648 1721 —-
1679 1695 1843 1731 Ceterum
1877 1709 2045 1731 venarum
2071 1710 2128 1743 sy-

354 1757 466 1786 stema
492 1753 530 1787 in
559 1753 810 1800 Decapodibus
838 1762 875 1789 ut
898 1756 935 1789 in
962 1755 1088 1799 Apode
1113 1756 1201 1790 vasis
1228 1756 1467 1802 peculiaribus
1494 1764 1608 1802 caret,
1643 1770 1725 1791 nam
1757 1769 1822 1791 nec
1850 1757 1927 1790 illae
1951 1757 2127 1800 cavitates,

356 1826 448 1860 quae
475 1815 519 1848 ab
547 1815 594 1848 lll.
624 1815 672 1848 Ill.
701 1815 824 1850 Audo
837 1817 913 1851 uin
941 1823 975 1850 et
1000 1817 1133 1851 Milne
1162 1816 1373 1851 Edwards
1401 1817 1561 1853 detectae
1589 1826 1624 1853 et
1650 1819 1746 1853 sinus
1770 1818 1893 1853 venosi
1922 1818 2126 1851 nominatae

355 1882 448 1921 sunt5
475 1889 541 1910 nee
568 1878 706 1911 canales
733 1890 775 1912 ex
801 1879 842 1913 iis
869 1878 1156 1926 proficiscentes,
1197 1879 1258 1926 qui
1292 1879 1336 1913 ab
1374 1879 1440 1913 illis
1466 1879 1700 1925 scriptoribus
1733 1891 1844 1912 venae
1883 1878 2126 1921 nominantur,

355 1950 435 1971 vasa
462 1939 654 1985 peculiaria
676 1940 803 1974 haberi
829 1948 997 1987 possunt7
1034 1954 1170 1988 quum,
1207 1948 1246 1975 ut
1275 1941 1341 1987 ipsi
1376 1941 1424 1975 illi
1451 1941 1642 1987 scriptores
1678 1941 1824 1985 dicunt,
1859 1940 1928 1974 tela
1960 1940 2124 1973 eellulosa

354 1999 466 2034 modo
493 2001 705 2046 vestiantur,
738 2015 830 2049 quae
865 2004 1024 2050 partibus
1059 2003 1232 2050 proximis
1267 2002 1463 2035 arctissime
1499 2001 1638 2035 adiacet
1673 2009 1708 2035 et
1738 2008 1834 2035 tanta
1871 2002 2056 2035 teneritate
2084 2013 2125 2034 ae

355 2061 581 2096 mollitudine
610 2069 683 2108 est,
718 2070 757 2097 ut
779 2064 901 2099 massis
926 2064 1065 2099 iniectis
1089 2076 1231 2111 semper
1256 2063 1328 2098 fere
1355 2070 1619 2111 perrumpatur,
1646 2064 1760 2111 iisque
1787 2063 1833 2098 ad
1860 2063 2037 2098 musculos
2060 2062 2123 2097 ad-

414 2232 449 2267 s)
472 2232 714 2264 Considerations
736 2234 894 2273 generales
916 2245 966 2265 sur
989 2234 1157 2265 l'analomie
1180 2235 1338 2273 eoinparee
1363 2233 1415 2263 des
1441 2233 1578 2263 aniinaux
1601 2233 1749 2263 articules.
1783 2233 1872 2262 raris.
1900 2232 1986 2261 1825.
2010 2241 2035 2270 p.
2051 2231 2119 2260 2546.

396 2286 450 2324 W)
476 2286 583 2316 Lund
612 2288 732 2318 Zweil'el
764 2289 837 2319 tiber
861 2289 912 2319 das
935 2290 1046 2319 Dasein
1077 2290 1159 2320 eines
1184 2287 1505 2326 Cireulationssystcms
1543 2287 1591 2317 bei
1626 2287 1682 2317 den
1714 2288 1903 2317 Crustaceen.
1941 2286 2004 2316 lsis.
2034 2286 2120 2315 1525.

475 2345 502 2376 p.
519 2337 587 2368 594.

550 2391 639 2421 Eius
652 2392 678 2423 d.
703 2394 905 2435 Fortgesclzte
929 2395 1196 2435 Uutersuchungen
1219 2395 1293 2426 tiber
1316 2396 1369 2428 das
1394 2397 1611 2436 Gesiisssysteni
1636 2396 1689 2426 der
1712 2395 1901 2426 Crustaceen.
1934 2394 1996 2425 Isis.
2032 2393 2116 2423 1529.

475 2453 501 2483 p.
517 2444 604 2475 1299.

548 2499 654 2529 Luntl
678 2503 705 2529 et
728 2501 894 2533 Seliutze
916 2503 1119 2544 Fortgesetzte
1134 2504 1419 2544 *Untersuchungeir
1443 2504 1507 2534 Isis.
1534 2502 1620 2533 1830.
1644 2511 1670 2542 p.
1688 2502 1773 2532 1292.

390 2564 463 2603 ἔμ’-Ἴ
486 2565 583 2596 [cher
604 2566 656 2597 das
681 2566 895 2607 Gcsfisssystem
920 2568 973 2599 des
995 2570 1214 2602 Flusskrebses.
1237 2570 1415 2602 1s1s.⁴1834.
1438 2579 1465 2610 p.
1479 2569 1549 2600 518.
